<?xml version="1.0" encoding="UTF-8"?>
<!DOCTYPE html PUBLIC "-//W3C//DTD XHTML 1.0 Transitional//EN"
    "http://www.w3.org/TR/xhtml1/DTD/xhtml1-transitional.dtd">
<html xmlns="http://www.w3.org/1999/xhtml" xml:lang="en" lang="en">
 <head>
  <title>
</title>
<meta http-equiv="Content-Type" content="text/html;charset=utf-8" />
  <meta name='ocr-system' content='tesseract 3.04.00' />
  <meta name='ocr-capabilities' content='ocr_page ocr_carea ocr_par ocr_line ocrx_word'/>
</head>
<body>
  <div class='ocr_page' id='page_1' title='image "./diuniiiuvenalis00persgoog_0313.png"; bbox 0 0 3098 5498; ppageno 0'>
   <div class='ocr_carea' id='block_1_1' title="bbox 550 334 1263 432">
    <p class='ocr_par' dir='ltr' id='par_1_1' title="bbox 550 334 1263 432">
     <span class='ocr_line' id='line_1_1' title="bbox 550 334 1263 432; baseline 0.004 -8"><span class='ocrx_word' id='word_1_1' title='bbox 550 369 732 432; x_wconf 62' lang='lat' dir='ltr'>{sanna</span> <span class='ocrx_word' id='word_1_2' title='bbox 774 369 835 428; x_wconf 79' lang='lat' dir='ltr'>xi.</span> <span class='ocrx_word' id='word_1_3' title='bbox 1178 334 1263 432; x_wconf 77' lang='lat'>165</span> 
     </span>
    </p>
   </div>
   <div class='ocr_carea' id='block_1_2' title="bbox 85 562 1268 2755">
    <p class='ocr_par' dir='ltr' id='par_1_2' title="bbox 144 562 1268 902">
     <span class='ocr_line' id='line_1_2' title="bbox 146 562 1268 668; baseline 0.002 -28"><span class='ocrx_word' id='word_1_4' title='bbox 146 569 313 660; x_wconf 84' lang='lat' dir='ltr'>Verum,</span> <span class='ocrx_word' id='word_1_5' title='bbox 331 582 375 640; x_wconf 87' lang='lat' dir='ltr'>ut</span> <span class='ocrx_word' id='word_1_6' title='bbox 390 562 619 656; x_wconf 87' lang='lat' dir='ltr'>dissimules,</span> <span class='ocrx_word' id='word_1_7' title='bbox 639 582 682 639; x_wconf 89' lang='lat' dir='ltr'>ut</span> <span class='ocrx_word' id='word_1_8' title='bbox 701 568 823 641; x_wconf 83' lang='lat' dir='ltr'>mittas</span> <span class='ocrx_word' id='word_1_9' title='bbox 842 579 989 656; x_wconf 87' lang='lat' dir='ltr'>cetera,</span> <span class='ocrx_word' id='word_1_10' title='bbox 1010 583 1154 668; x_wconf 85' lang='lat' dir='ltr'>quanto</span> <span class='ocrx_word' id='word_1_11' title='bbox 1233 609 1268 658; x_wconf 63' lang='grc' dir='ltr'><em>ω</em></span> 
     </span>
     <span class='ocr_line' id='line_1_3' title="bbox 146 681 1054 788; baseline -0.006 -29"><span class='ocrx_word' id='word_1_12' title='bbox 146 687 293 760; x_wconf 87' lang='lat' dir='ltr'>Metiris</span> <span class='ocrx_word' id='word_1_13' title='bbox 318 685 464 788; x_wconf 84' lang='lat' dir='ltr'>pretio,</span> <span class='ocrx_word' id='word_1_14' title='bbox 481 681 607 783; x_wconf 90' lang='lat' dir='ltr'>quod,</span> <span class='ocrx_word' id='word_1_15' title='bbox 624 685 665 755; x_wconf 89' lang='lat' dir='ltr'>ni</span> <span class='ocrx_word' id='word_1_16' title='bbox 684 682 752 756; x_wconf 89' lang='lat' dir='ltr'>tibi</span> <span class='ocrx_word' id='word_1_17' title='bbox 770 682 919 766; x_wconf 87' lang='lat' dir='ltr'>deditus</span> <span class='ocrx_word' id='word_1_18' title='bbox 937 707 1054 760; x_wconf 90' lang='lat' dir='ltr'>essem</span> 
     </span>
     <span class='ocr_line' id='line_1_4' title="bbox 144 796 1084 902; baseline -0.003 -27"><span class='ocrx_word' id='word_1_19' title='bbox 144 804 388 902; x_wconf 86' lang='lat' dir='ltr'>Devotusque</span> <span class='ocrx_word' id='word_1_20' title='bbox 406 796 546 890; x_wconf 90' lang='lat' dir='ltr'>cliens,</span> <span class='ocrx_word' id='word_1_21' title='bbox 566 816 745 880; x_wconf 84' lang='lat' dir='ltr'>uxortua</span> <span class='ocrx_word' id='word_1_22' title='bbox 764 803 870 902; x_wconf 88' lang='lat' dir='ltr'>virgo</span> <span class='ocrx_word' id='word_1_23' title='bbox 890 801 1084 873; x_wconf 88' lang='lat' dir='ltr'>maneret?</span> 
     </span>
    </p>

    <p class='ocr_par' dir='ltr' id='par_1_3' title="bbox 143 914 1263 1368">
     <span class='ocr_line' id='line_1_5' title="bbox 144 914 1200 1019; baseline 0.001 -29"><span class='ocrx_word' id='word_1_24' title='bbox 144 918 225 992; x_wconf 88' lang='lat' dir='ltr'>Seis</span> <span class='ocrx_word' id='word_1_25' title='bbox 243 933 369 1005; x_wconf 89' lang='lat' dir='ltr'>certe,</span> <span class='ocrx_word' id='word_1_26' title='bbox 387 914 525 1017; x_wconf 88' lang='lat' dir='ltr'>quibus</span> <span class='ocrx_word' id='word_1_27' title='bbox 543 916 612 988; x_wconf 90' lang='lat' dir='ltr'>ista</span> <span class='ocrx_word' id='word_1_28' title='bbox 629 914 772 1006; x_wconf 89' lang='lat' dir='ltr'>modis,</span> <span class='ocrx_word' id='word_1_29' title='bbox 791 943 905 1019; x_wconf 88' lang='lat' dir='ltr'>quam</span> <span class='ocrx_word' id='word_1_30' title='bbox 925 941 1036 1019; x_wconf 81' lang='lat' dir='ltr'><strong>saepe</strong></span> <span class='ocrx_word' id='word_1_31' title='bbox 1057 917 1200 1018; x_wconf 83' lang='lat' dir='ltr'>rogaris</span> 
     </span>
     <span class='ocr_line' id='line_1_6' title="bbox 144 1029 1221 1137; baseline -0.001 -30"><span class='ocrx_word' id='word_1_32' title='bbox 144 1035 194 1108; x_wconf 89' lang='lat' dir='ltr'>Et</span> <span class='ocrx_word' id='word_1_33' title='bbox 212 1059 309 1136; x_wconf 85' lang='lat' dir='ltr'>quae</span> <span class='ocrx_word' id='word_1_34' title='bbox 328 1029 541 1137; x_wconf 86' lang='lat' dir='ltr'><strong>pollicitus:</strong></span> <span class='ocrx_word' id='word_1_35' title='bbox 569 1029 775 1134; x_wconf 81' lang='lat' dir='ltr'>fugientem</span> <span class='ocrx_word' id='word_1_36' title='bbox 794 1059 906 1136; x_wconf 80' lang='lat' dir='ltr'>saepe</span> <span class='ocrx_word' id='word_1_37' title='bbox 926 1029 1093 1136; x_wconf 85' lang='lat' dir='ltr'>puellam</span> <span class='ocrx_word' id='word_1_38' title='bbox 1217 1115 1221 1126; x_wconf 29' lang='lat'><em>¹</em></span> 
     </span>
     <span class='ocr_line' id='line_1_7' title="bbox 146 1145 1263 1262; baseline 0.001 -40"><span class='ocrx_word' id='word_1_39' title='bbox 146 1148 335 1262; x_wconf 82' lang='lat' dir='ltr'>Amplexu</span> <span class='ocrx_word' id='word_1_40' title='bbox 353 1149 483 1250; x_wconf 87' lang='lat' dir='ltr'>rapui:</span> <span class='ocrx_word' id='word_1_41' title='bbox 504 1145 649 1222; x_wconf 87' lang='lat' dir='ltr'>tabulas</span> <span class='ocrx_word' id='word_1_42' title='bbox 667 1165 1016 1252; x_wconf 71' lang='lat' dir='ltr'>quoquerruperat,</span> <span class='ocrx_word' id='word_1_43' title='bbox 1036 1166 1074 1223; x_wconf 85' lang='lat' dir='ltr'>et</span> <span class='ocrx_word' id='word_1_44' title='bbox 1090 1151 1163 1224; x_wconf 83' lang='lat' dir='ltr'>iam</span> <span class='ocrx_word' id='word_1_45' title='bbox 1230 1183 1263 1238; x_wconf 75' lang='lat'>75</span> 
     </span>
     <span class='ocr_line' id='line_1_8' title="bbox 143 1263 1035 1368; baseline 0.002 -28"><span class='ocrx_word' id='word_1_46' title='bbox 143 1263 343 1368; x_wconf 78' lang='lat' dir='ltr'><strong>Signabat:</strong></span> <span class='ocrx_word' id='word_1_47' title='bbox 371 1280 449 1335; x_wconf 85' lang='lat' dir='ltr'>tota</span> <span class='ocrx_word' id='word_1_48' title='bbox 470 1263 531 1339; x_wconf 77' lang='lat' dir='ltr'>vix</span> <span class='ocrx_word' id='word_1_49' title='bbox 551 1263 622 1337; x_wconf 91' lang='lat' dir='ltr'>hoe</span> <span class='ocrx_word' id='word_1_50' title='bbox 641 1289 711 1366; x_wconf 84' lang='lat' dir='ltr'>ego</span> <span class='ocrx_word' id='word_1_51' title='bbox 732 1281 844 1338; x_wconf 87' lang='lat' dir='ltr'>nocte</span> <span class='ocrx_word' id='word_1_52' title='bbox 863 1263 1035 1356; x_wconf 82' lang='lat' dir='ltr'>redemi,</span> 
     </span>
    </p>

    <p class='ocr_par' dir='ltr' id='par_1_4' title="bbox 149 1376 1093 1484">
     <span class='ocr_line' id='line_1_9' title="bbox 149 1376 1093 1484; baseline 0 -30"><span class='ocrx_word' id='word_1_53' title='bbox 149 1381 204 1454; x_wconf 90' lang='lat' dir='ltr'>Te</span> <span class='ocrx_word' id='word_1_54' title='bbox 224 1378 399 1484; x_wconf 73' lang='lat' dir='ltr'>plorante</span> <span class='ocrx_word' id='word_1_55' title='bbox 420 1376 523 1452; x_wconf 85' lang='lat' dir='ltr'>soris.</span> <span class='ocrx_word' id='word_1_56' title='bbox 550 1379 669 1452; x_wconf 89' lang='lat' dir='ltr'>Testis</span> <span class='ocrx_word' id='word_1_57' title='bbox 689 1379 776 1452; x_wconf 91' lang='lat' dir='ltr'>mihi</span> <span class='ocrx_word' id='word_1_58' title='bbox 796 1377 956 1454; x_wconf 88' lang='lat' dir='ltr'>lectulus</span> <span class='ocrx_word' id='word_1_59' title='bbox 976 1397 1014 1453; x_wconf 88' lang='lat' dir='ltr'>et</span> <span class='ocrx_word' id='word_1_60' title='bbox 1033 1397 1093 1470; x_wconf 87' lang='lat' dir='ltr'>tu,</span> 
     </span>
    </p>

    <p class='ocr_par' dir='ltr' id='par_1_5' title="bbox 141 1494 1260 1946">
     <span class='ocr_line' id='line_1_10' title="bbox 143 1494 1109 1600; baseline -0.003 -28"><span class='ocrx_word' id='word_1_61' title='bbox 143 1497 202 1572; x_wconf 90' lang='lat' dir='ltr'>Ad</span> <span class='ocrx_word' id='word_1_62' title='bbox 221 1523 334 1600; x_wconf 91' lang='lat' dir='ltr'>quem</span> <span class='ocrx_word' id='word_1_63' title='bbox 353 1499 527 1599; x_wconf 87' lang='lat' dir='ltr'>pervenit</span> <span class='ocrx_word' id='word_1_64' title='bbox 547 1494 636 1569; x_wconf 86' lang='lat' dir='ltr'>lecti</span> <span class='ocrx_word' id='word_1_65' title='bbox 656 1521 768 1570; x_wconf 88' lang='lat' dir='ltr'>sonus</span> <span class='ocrx_word' id='word_1_66' title='bbox 786 1515 824 1570; x_wconf 89' lang='lat' dir='ltr'>et</span> <span class='ocrx_word' id='word_1_67' title='bbox 839 1495 1012 1571; x_wconf 89' lang='lat' dir='ltr'>dominae</span> <span class='ocrx_word' id='word_1_68' title='bbox 1027 1525 1109 1574; x_wconf 82' lang='lat' dir='ltr'>vox.</span> 
     </span>
     <span class='ocr_line' id='line_1_11' title="bbox 141 1611 1193 1716; baseline 0.002 -30"><span class='ocrx_word' id='word_1_69' title='bbox 141 1611 323 1707; x_wconf 77' lang='lat' dir='ltr'>instabile</span> <span class='ocrx_word' id='word_1_70' title='bbox 342 1637 385 1685; x_wconf 91' lang='lat' dir='ltr'>ac</span> <span class='ocrx_word' id='word_1_71' title='bbox 404 1611 528 1684; x_wconf 82' lang='lat' dir='ltr'>dirimi</span> <span class='ocrx_word' id='word_1_72' title='bbox 548 1629 723 1716; x_wconf 84' lang='lat' dir='ltr'>coeptum</span> <span class='ocrx_word' id='word_1_73' title='bbox 742 1629 779 1686; x_wconf 92' lang='lat' dir='ltr'>et</span> <span class='ocrx_word' id='word_1_74' title='bbox 795 1614 867 1686; x_wconf 84' lang='lat' dir='ltr'>iam</span> <span class='ocrx_word' id='word_1_75' title='bbox 888 1639 1008 1716; x_wconf 90' lang='lat' dir='ltr'>paene</span> <span class='ocrx_word' id='word_1_76' title='bbox 1028 1612 1193 1688; x_wconf 86' lang='lat' dir='ltr'>solutum</span> 
     </span>
     <span class='ocr_line' id='line_1_12' title="bbox 141 1725 1260 1830; baseline 0.002 -28"><span class='ocrx_word' id='word_1_77' title='bbox 141 1731 367 1830; x_wconf 82' lang='lat' dir='ltr'>Coniugium</span> <span class='ocrx_word' id='word_1_78' title='bbox 385 1729 426 1800; x_wconf 93' lang='lat' dir='ltr'>in</span> <span class='ocrx_word' id='word_1_79' title='bbox 444 1725 569 1800; x_wconf 86' lang='lat' dir='ltr'>multis</span> <span class='ocrx_word' id='word_1_80' title='bbox 587 1726 759 1800; x_wconf 90' lang='lat' dir='ltr'>domibus</span> <span class='ocrx_word' id='word_1_81' title='bbox 778 1730 938 1804; x_wconf 87' lang='lat' dir='ltr'>servavit</span> <span class='ocrx_word' id='word_1_82' title='bbox 959 1727 1134 1804; x_wconf 87' lang='lat' dir='ltr'>adulter!</span> <span class='ocrx_word' id='word_1_83' title='bbox 1197 1785 1200 1792; x_wconf 79' lang='lat'>-</span> <span class='ocrx_word' id='word_1_84' title='bbox 1226 1765 1260 1816; x_wconf 72' lang='lat'>30</span> 
     </span>
     <span class='ocr_line' id='line_1_13' title="bbox 141 1842 1217 1946; baseline 0 -28"><span class='ocrx_word' id='word_1_85' title='bbox 141 1847 229 1938; x_wconf 88' lang='lat' dir='ltr'>Quo</span> <span class='ocrx_word' id='word_1_86' title='bbox 249 1860 285 1917; x_wconf 89' lang='lat' dir='ltr'>te</span> <span class='ocrx_word' id='word_1_87' title='bbox 304 1842 564 1944; x_wconf 86' lang='lat' dir='ltr'>circumagas?</span> <span class='ocrx_word' id='word_1_88' title='bbox 581 1868 677 1941; x_wconf 84' lang='lat' dir='ltr'>quae</span> <span class='ocrx_word' id='word_1_89' title='bbox 698 1845 818 1945; x_wconf 89' lang='lat' dir='ltr'>prima</span> <span class='ocrx_word' id='word_1_90' title='bbox 836 1861 901 1917; x_wconf 88' lang='lat' dir='ltr'>aut</span> <span class='ocrx_word' id='word_1_91' title='bbox 918 1843 1048 1918; x_wconf 86' lang='lat' dir='ltr'>ultima</span> <span class='ocrx_word' id='word_1_92' title='bbox 1068 1846 1217 1946; x_wconf 81' lang='lat' dir='ltr'>ponas?</span> 
     </span>
    </p>

    <p class='ocr_par' dir='ltr' id='par_1_6' title="bbox 85 1957 1261 2176">
     <span class='ocr_line' id='line_1_14' title="bbox 85 1957 1261 2063; baseline 0 -28"><span class='ocrx_word' id='word_1_93' title='bbox 85 2045 88 2052; x_wconf 9' lang='lat' dir='ltr'>g</span> <span class='ocrx_word' id='word_1_94' title='bbox 140 1959 298 2035; x_wconf 89' lang='lat' dir='ltr'>Nullum</span> <span class='ocrx_word' id='word_1_95' title='bbox 315 1986 405 2061; x_wconf 85' lang='lat' dir='ltr'>ergo</span> <span class='ocrx_word' id='word_1_96' title='bbox 422 1959 595 2032; x_wconf 88' lang='lat' dir='ltr'>meritum</span> <span class='ocrx_word' id='word_1_97' title='bbox 613 1975 680 2046; x_wconf 88' lang='lat' dir='ltr'>est,</span> <span class='ocrx_word' id='word_1_98' title='bbox 700 1962 846 2060; x_wconf 81' lang='lat' dir='ltr'>ingrate</span> <span class='ocrx_word' id='word_1_99' title='bbox 864 1985 906 2033; x_wconf 86' lang='lat' dir='ltr'>ac</span> <span class='ocrx_word' id='word_1_100' title='bbox 927 1957 1092 2063; x_wconf 90' lang='lat' dir='ltr'>perfide,</span> <span class='ocrx_word' id='word_1_101' title='bbox 1110 1959 1261 2035; x_wconf 88' lang='lat' dir='ltr'>nullum</span> 
     </span>
     <span class='ocr_line' id='line_1_15' title="bbox 141 2071 1093 2176; baseline 0 -28"><span class='ocrx_word' id='word_1_102' title='bbox 141 2074 256 2169; x_wconf 85' lang='lat' dir='ltr'>Quod</span> <span class='ocrx_word' id='word_1_103' title='bbox 273 2074 340 2149; x_wconf 85' lang='lat' dir='ltr'>tibi</span> <span class='ocrx_word' id='word_1_104' title='bbox 359 2071 496 2148; x_wconf 89' lang='lat' dir='ltr'>filiolus</span> <span class='ocrx_word' id='word_1_105' title='bbox 506 2132 518 2165; x_wconf 86' lang='lat'>,</span> <span class='ocrx_word' id='word_1_106' title='bbox 536 2073 641 2176; x_wconf 91' lang='lat' dir='ltr'>quod</span> <span class='ocrx_word' id='word_1_107' title='bbox 656 2072 732 2148; x_wconf 84' lang='lat' dir='ltr'>filia</span> <span class='ocrx_word' id='word_1_108' title='bbox 751 2077 918 2150; x_wconf 87' lang='lat' dir='ltr'>nascitur</span> <span class='ocrx_word' id='word_1_109' title='bbox 938 2101 984 2150; x_wconf 83' lang='lat' dir='ltr'>ex</span> <span class='ocrx_word' id='word_1_110' title='bbox 1005 2079 1093 2152; x_wconf 88' lang='lat' dir='ltr'>me?</span> 
     </span>
    </p>

    <p class='ocr_par' dir='ltr' id='par_1_7' title="bbox 139 2189 1259 2755">
     <span class='ocr_line' id='line_1_16' title="bbox 140 2189 1175 2295; baseline -0.001 -30"><span class='ocrx_word' id='word_1_111' title='bbox 140 2191 261 2266; x_wconf 89' lang='lat' dir='ltr'>Tollis</span> <span class='ocrx_word' id='word_1_112' title='bbox 280 2193 380 2265; x_wconf 88' lang='lat' dir='ltr'>enim</span> <span class='ocrx_word' id='word_1_113' title='bbox 398 2207 436 2263; x_wconf 85' lang='lat' dir='ltr'>et</span> <span class='ocrx_word' id='word_1_114' title='bbox 454 2189 560 2264; x_wconf 90' lang='lat' dir='ltr'>libris</span> <span class='ocrx_word' id='word_1_115' title='bbox 580 2208 750 2265; x_wconf 87' lang='lat' dir='ltr'>actorum</span> <span class='ocrx_word' id='word_1_116' title='bbox 771 2217 946 2294; x_wconf 88' lang='lat' dir='ltr'>spargere</span> <span class='ocrx_word' id='word_1_117' title='bbox 968 2191 1106 2295; x_wconf 83' lang='lat' dir='ltr'>gaudes</span> <span class='ocrx_word' id='word_1_118' title='bbox 1169 2247 1175 2264; x_wconf 82' lang='grc'><strong><em>,</em></strong></span> 
     </span>
     <span class='ocr_line' id='line_1_17' title="bbox 140 2306 1259 2410; baseline 0 -30"><span class='ocrx_word' id='word_1_119' title='bbox 140 2309 370 2410; x_wconf 85' lang='lat' dir='ltr'>Argumenta</span> <span class='ocrx_word' id='word_1_120' title='bbox 389 2307 471 2380; x_wconf 81' lang='lat' dir='ltr'>viri.</span> <span class='ocrx_word' id='word_1_121' title='bbox 499 2306 657 2382; x_wconf 87' lang='lat' dir='ltr'>Foribus</span> <span class='ocrx_word' id='word_1_122' title='bbox 677 2307 864 2410; x_wconf 82' lang='lat' dir='ltr'>suspende</span> <span class='ocrx_word' id='word_1_123' title='bbox 883 2333 1063 2398; x_wconf 88' lang='lat' dir='ltr'>coronas,</span> <span class='ocrx_word' id='word_1_124' title='bbox 1226 2339 1259 2392; x_wconf 62' lang='grc' dir='ltr'>ες</span> 
     </span>
     <span class='ocr_line' id='line_1_18' title="bbox 142 2417 1258 2525; baseline 0.005 -33"><span class='ocrx_word' id='word_1_125' title='bbox 142 2421 219 2494; x_wconf 87' lang='lat' dir='ltr'>Iam</span> <span class='ocrx_word' id='word_1_126' title='bbox 239 2437 346 2524; x_wconf 87' lang='lat' dir='ltr'>pater</span> <span class='ocrx_word' id='word_1_127' title='bbox 365 2445 426 2492; x_wconf 89' lang='lat' dir='ltr'>es:</span> <span class='ocrx_word' id='word_1_128' title='bbox 448 2417 641 2511; x_wconf 86' lang='lat' dir='ltr'>dedimus,</span> <span class='ocrx_word' id='word_1_129' title='bbox 660 2420 766 2522; x_wconf 91' lang='lat' dir='ltr'>quod</span> <span class='ocrx_word' id='word_1_130' title='bbox 784 2419 906 2494; x_wconf 83' lang='lat' dir='ltr'>famae</span> <span class='ocrx_word' id='word_1_131' title='bbox 918 2447 1113 2525; x_wconf 89' lang='lat' dir='ltr'>opponere</span> <span class='ocrx_word' id='word_1_132' title='bbox 1129 2426 1258 2525; x_wconf 88' lang='lat' dir='ltr'>possis:</span> 
     </span>
     <span class='ocr_line' id='line_1_19' title="bbox 140 2535 1165 2640; baseline 0.003 -31"><span class='ocrx_word' id='word_1_133' title='bbox 140 2537 230 2609; x_wconf 89' lang='lat' dir='ltr'>Iura</span> <span class='ocrx_word' id='word_1_134' title='bbox 247 2537 412 2637; x_wconf 88' lang='lat' dir='ltr'>parentis</span> <span class='ocrx_word' id='word_1_135' title='bbox 432 2535 547 2610; x_wconf 86' lang='lat' dir='ltr'>habes</span> <span class='ocrx_word' id='word_1_136' title='bbox 558 2563 568 2626; x_wconf 89' lang='lat'>;</span> <span class='ocrx_word' id='word_1_137' title='bbox 587 2553 745 2640; x_wconf 89' lang='lat' dir='ltr'>propter</span> <span class='ocrx_word' id='word_1_138' title='bbox 760 2535 1016 2612; x_wconf 85' lang='lat' dir='ltr'>me&#39;scriberis</span> <span class='ocrx_word' id='word_1_139' title='bbox 1034 2537 1165 2628; x_wconf 85' lang='lat' dir='ltr'>heres,</span> 
     </span>
     <span class='ocr_line' id='line_1_20' title="bbox 139 2650 1179 2755; baseline 0.002 -32"><span class='ocrx_word' id='word_1_140' title='bbox 139 2653 320 2753; x_wconf 82' lang='lat' dir='ltr'>Legatum</span> <span class='ocrx_word' id='word_1_141' title='bbox 339 2677 449 2727; x_wconf 89' lang='lat' dir='ltr'>omne</span> <span class='ocrx_word' id='word_1_142' title='bbox 471 2654 594 2755; x_wconf 82' lang='lat' dir='ltr'>capis,</span> <span class='ocrx_word' id='word_1_143' title='bbox 612 2676 682 2725; x_wconf 88' lang='lat' dir='ltr'>nec</span> <span class='ocrx_word' id='word_1_144' title='bbox 702 2675 780 2726; x_wconf 90' lang='lat' dir='ltr'>non</span> <span class='ocrx_word' id='word_1_145' title='bbox 799 2659 837 2725; x_wconf 85' lang='lat' dir='ltr'>ei</span> <span class='ocrx_word' id='word_1_146' title='bbox 855 2650 966 2728; x_wconf 88' lang='lat' dir='ltr'>dulce</span> <span class='ocrx_word' id='word_1_147' title='bbox 982 2650 1179 2726; x_wconf 89' lang='lat' dir='ltr'>caducum.</span> 
     </span>
    </p>
   </div>
   <div class='ocr_carea' id='block_1_3' title="bbox 136 2877 1260 4452">
    <p class='ocr_par' dir='ltr' id='par_1_8' title="bbox 137 2877 1260 3031">
     <span class='ocr_line' id='line_1_21' title="bbox 137 2877 1260 2938; baseline 0.005 -6"><span class='ocrx_word' id='word_1_148' title='bbox 137 2881 272 2933; x_wconf 78' lang='lat' dir='ltr'>Decembri</span> <span class='ocrx_word' id='word_1_149' title='bbox 295 2886 335 2934; x_wconf 87' lang='grc'><strong>40.</strong></span> <span class='ocrx_word' id='word_1_150' title='bbox 355 2888 395 2933; x_wconf 93' lang='grc'>44.</span> <span class='ocrx_word' id='word_1_151' title='bbox 421 2886 460 2933; x_wconf 79' lang='lat' dir='ltr'>n.</span> <span class='ocrx_word' id='word_1_152' title='bbox 484 2886 614 2934; x_wconf 74' lang='lat' dir='ltr'>rt-na</span> <span class='ocrx_word' id='word_1_153' title='bbox 637 2895 673 2929; x_wconf 85' lang='lat' dir='ltr'>rn.</span> <span class='ocrx_word' id='word_1_154' title='bbox 759 2883 800 2931; x_wconf 83' lang='grc'>60.</span> <span class='ocrx_word' id='word_1_155' title='bbox 815 2877 1023 2933; x_wconf 64' lang='lat' dir='ltr'>servaberitis.</span> <span class='ocrx_word' id='word_1_156' title='bbox 1038 2885 1260 2938; x_wconf 75' lang='lat' dir='ltr'>tiam.see.t9r</span> 
     </span>
     <span class='ocr_line' id='line_1_22' title="bbox 138 2966 1110 3031; baseline -0.001 -14"><span class='ocrx_word' id='word_1_157' title='bbox 138 2983 190 3017; x_wconf 71' lang='lat' dir='ltr'>sec.</span> <span class='ocrx_word' id='word_1_158' title='bbox 206 2968 433 3017; x_wconf 52' lang='lat' dir='ltr'>ramam-so.</span> <span class='ocrx_word' id='word_1_159' title='bbox 447 2968 554 3017; x_wconf 75' lang='lat' dir='ltr'>ss-es.</span> <span class='ocrx_word' id='word_1_160' title='bbox 564 2967 672 3015; x_wconf 74' lang='lat' dir='ltr'>ri-rs.</span> <span class='ocrx_word' id='word_1_161' title='bbox 759 2966 801 3014; x_wconf 76' lang='lat' dir='ltr'>aa.</span> <span class='ocrx_word' id='word_1_162' title='bbox 814 2975 839 3012; x_wconf 76' lang='lat' dir='ltr'>er</span> <span class='ocrx_word' id='word_1_163' title='bbox 852 2981 898 3031; x_wconf 70' lang='lat' dir='ltr'>pro</span> <span class='ocrx_word' id='word_1_164' title='bbox 910 2981 942 3014; x_wconf 63' lang='lat' dir='ltr'>ae·</span> <span class='ocrx_word' id='word_1_165' title='bbox 955 2967 996 3016; x_wconf 77' lang='lat'>23.</span> <span class='ocrx_word' id='word_1_166' title='bbox 1010 2969 1110 3016; x_wconf 70' lang='lat' dir='ltr'>aeas.</span> 
     </span>
    </p>

    <p class='ocr_par' dir='ltr' id='par_1_9' title="bbox 136 3043 1258 3622">
     <span class='ocr_line' id='line_1_23' title="bbox 139 3043 1258 3119; baseline -0.002 -17"><span class='ocrx_word' id='word_1_167' title='bbox 139 3056 183 3102; x_wconf 80' lang='lat'>77.</span> <span class='ocrx_word' id='word_1_168' title='bbox 196 3058 222 3100; x_wconf 81' lang='lat' dir='ltr'>et</span> <span class='ocrx_word' id='word_1_169' title='bbox 235 3045 275 3098; x_wconf 85' lang='lat' dir='ltr'>ed.</span> <span class='ocrx_word' id='word_1_170' title='bbox 293 3045 466 3098; x_wconf 70' lang='lat' dir='ltr'>sensurae</span> <span class='ocrx_word' id='word_1_171' title='bbox 482 3043 573 3118; x_wconf 79' lang='lat' dir='ltr'>glossa.</span> <span class='ocrx_word' id='word_1_172' title='bbox 587 3043 674 3114; x_wconf 74' lang='lat' dir='ltr'>Vulgo</span> <span class='ocrx_word' id='word_1_173' title='bbox 759 3051 801 3099; x_wconf 81' lang='grc'>63.</span> <span class='ocrx_word' id='word_1_174' title='bbox 813 3059 855 3096; x_wconf 85' lang='lat' dir='ltr'>aut</span> <span class='ocrx_word' id='word_1_175' title='bbox 865 3046 926 3116; x_wconf 82' lang='lat' dir='ltr'>filia</span> <span class='ocrx_word' id='word_1_176' title='bbox 940 3051 1047 3100; x_wconf 82' lang='grc'><strong>47-20.</strong></span> <span class='ocrx_word' id='word_1_177' title='bbox 1058 3052 1100 3100; x_wconf 82' lang='grc'><strong>45.</strong></span> <span class='ocrx_word' id='word_1_178' title='bbox 1120 3047 1186 3116; x_wconf 75' lang='lat' dir='ltr'>quod</span> <span class='ocrx_word' id='word_1_179' title='bbox 1197 3049 1258 3119; x_wconf 79' lang='lat' dir='ltr'>filia</span> 
     </span>
     <span class='ocr_line' id='line_1_24' title="bbox 136 3128 1256 3201; baseline -0.002 -15"><span class='ocrx_word' id='word_1_180' title='bbox 136 3136 175 3188; x_wconf 80' lang='lat' dir='ltr'>ita</span> <span class='ocrx_word' id='word_1_181' title='bbox 193 3131 400 3200; x_wconf 78' lang='lat' dir='ltr'>interpuugitur:</span> <span class='ocrx_word' id='word_1_182' title='bbox 417 3131 487 3201; x_wconf 82' lang='lat' dir='ltr'>Quid</span> <span class='ocrx_word' id='word_1_183' title='bbox 504 3130 675 3200; x_wconf 76' lang='lat' dir='ltr'>agambruma</span> <span class='ocrx_word' id='word_1_184' title='bbox 724 3145 756 3180; x_wconf 77' lang='lat' dir='ltr'>ex</span> <span class='ocrx_word' id='word_1_185' title='bbox 776 3137 816 3179; x_wconf 91' lang='grc'>44.</span> <span class='ocrx_word' id='word_1_186' title='bbox 839 3140 865 3181; x_wconf 90' lang='lat' dir='ltr'>et</span> <span class='ocrx_word' id='word_1_187' title='bbox 882 3128 981 3182; x_wconf 84' lang='lat' dir='ltr'>duobus</span> <span class='ocrx_word' id='word_1_188' title='bbox 994 3131 1070 3184; x_wconf 88' lang='lat' dir='ltr'>MSS.</span> <span class='ocrx_word' id='word_1_189' title='bbox 1089 3129 1169 3182; x_wconf 82' lang='lat' dir='ltr'>Paris.</span> <span class='ocrx_word' id='word_1_190' title='bbox 1187 3149 1256 3184; x_wconf 82' lang='lat' dir='ltr'>nune</span> 
     </span>
     <span class='ocr_line' id='line_1_25' title="bbox 136 3211 1258 3286; baseline -0.004 -18"><span class='ocrx_word' id='word_1_191' title='bbox 136 3219 272 3286; x_wconf 80' lang='lat' dir='ltr'>spirante?</span> <span class='ocrx_word' id='word_1_192' title='bbox 292 3217 367 3285; x_wconf 82' lang='lat' dir='ltr'>quiri,</span> <span class='ocrx_word' id='word_1_193' title='bbox 384 3233 446 3278; x_wconf 83' lang='lat' dir='ltr'>oro,</span> <span class='ocrx_word' id='word_1_194' title='bbox 472 3213 542 3282; x_wconf 82' lang='lat' dir='ltr'>Quid</span> <span class='ocrx_word' id='word_1_195' title='bbox 558 3215 641 3265; x_wconf 79' lang='lat' dir='ltr'>dicam</span> <span class='ocrx_word' id='word_1_196' title='bbox 653 3232 674 3264; x_wconf 80' lang='lat' dir='ltr'>r.</span> <span class='ocrx_word' id='word_1_197' title='bbox 724 3228 770 3278; x_wconf 82' lang='lat' dir='ltr'>pro</span> <span class='ocrx_word' id='word_1_198' title='bbox 783 3211 855 3280; x_wconf 82' lang='lat' dir='ltr'>vulg.</span> <span class='ocrx_word' id='word_1_199' title='bbox 867 3211 910 3262; x_wconf 86' lang='lat' dir='ltr'>vei</span> <span class='ocrx_word' id='word_1_200' title='bbox 913 3211 981 3283; x_wconf 83' lang='lat' dir='ltr'>filia</span> <span class='ocrx_word' id='word_1_201' title='bbox 992 3212 1112 3266; x_wconf 85' lang='lat' dir='ltr'>substitui</span> <span class='ocrx_word' id='word_1_202' title='bbox 1125 3223 1258 3282; x_wconf 84' lang='lat' dir='ltr'>tamquam</span> 
     </span>
     <span class='ocr_line' id='line_1_26' title="bbox 137 3295 1256 3373; baseline -0.004 -19"><span class='ocrx_word' id='word_1_203' title='bbox 137 3321 166 3373; x_wconf 83' lang='lat' dir='ltr'>p.</span> <span class='ocrx_word' id='word_1_204' title='bbox 181 3299 308 3371; x_wconf 81' lang='lat' dir='ltr'>Aquilone</span> <span class='ocrx_word' id='word_1_205' title='bbox 324 3301 401 3352; x_wconf 87' lang='lat' dir='ltr'>ssante</span> <span class='ocrx_word' id='word_1_206' title='bbox 416 3318 436 3350; x_wconf 91' lang='lat' dir='ltr'>s.</span> <span class='ocrx_word' id='word_1_207' title='bbox 453 3299 564 3368; x_wconf 77' lang='lat' dir='ltr'>spirante</span> <span class='ocrx_word' id='word_1_208' title='bbox 577 3297 603 3350; x_wconf 92' lang='lat' dir='ltr'>iu</span> <span class='ocrx_word' id='word_1_209' title='bbox 622 3300 673 3350; x_wconf 85' lang='lat' dir='ltr'>De·</span> <span class='ocrx_word' id='word_1_210' title='bbox 725 3295 857 3347; x_wconf 77' lang='lat' dir='ltr'>venustius</span> <span class='ocrx_word' id='word_1_211' title='bbox 884 3295 1017 3366; x_wconf 79' lang='lat' dir='ltr'>aptiusque</span> <span class='ocrx_word' id='word_1_212' title='bbox 1046 3295 1078 3350; x_wconf 84' lang='lat' dir='ltr'>ad</span> <span class='ocrx_word' id='word_1_213' title='bbox 1109 3297 1256 3367; x_wconf 81' lang='lat' dir='ltr'>augendum</span> 
     </span>
     <span class='ocr_line' id='line_1_27' title="bbox 136 3375 1255 3453; baseline -0.004 -18"><span class='ocrx_word' id='word_1_214' title='bbox 136 3384 233 3436; x_wconf 78' lang='lat' dir='ltr'>eembri</span> <span class='ocrx_word' id='word_1_215' title='bbox 245 3383 282 3434; x_wconf 77' lang='lat' dir='ltr'>Er</span> <span class='ocrx_word' id='word_1_216' title='bbox 291 3383 413 3453; x_wconf 62' lang='lat' dir='ltr'>pedibu?</span> <span class='ocrx_word' id='word_1_217' title='bbox 431 3383 505 3449; x_wconf 66' lang='lat' dir='ltr'>Quas</span> <span class='ocrx_word' id='word_1_218' title='bbox 518 3381 598 3433; x_wconf 83' lang='lat' dir='ltr'>durae</span> <span class='ocrx_word' id='word_1_219' title='bbox 615 3389 675 3434; x_wconf 85' lang='lat' dir='ltr'>suut</span> <span class='ocrx_word' id='word_1_220' title='bbox 723 3375 886 3430; x_wconf 82' lang='lat' dir='ltr'>beneficium.</span> <span class='ocrx_word' id='word_1_221' title='bbox 896 3379 1255 3433; x_wconf 83' lang='lat' dir='ltr'>Faventetiamlruicleetioni</span> 
     </span>
     <span class='ocr_line' id='line_1_28' title="bbox 137 3461 1257 3536; baseline -0.006 -16"><span class='ocrx_word' id='word_1_222' title='bbox 137 3465 248 3536; x_wconf 83' lang='lat' dir='ltr'>ellipses.</span> <span class='ocrx_word' id='word_1_223' title='bbox 262 3465 316 3518; x_wconf 82' lang='lat' dir='ltr'>Nos</span> <span class='ocrx_word' id='word_1_224' title='bbox 330 3463 524 3518; x_wconf 83' lang='lat' dir='ltr'>distinctionem</span> <span class='ocrx_word' id='word_1_225' title='bbox 538 3481 608 3514; x_wconf 86' lang='lat' dir='ltr'>nune</span> <span class='ocrx_word' id='word_1_226' title='bbox 617 3481 675 3515; x_wconf 86' lang='lat' dir='ltr'>mu·</span> <span class='ocrx_word' id='word_1_227' title='bbox 726 3461 804 3513; x_wconf 83' lang='lat' dir='ltr'>verba</span> <span class='ocrx_word' id='word_1_228' title='bbox 817 3481 888 3534; x_wconf 90' lang='lat' dir='ltr'>seqq.</span> <span class='ocrx_word' id='word_1_229' title='bbox 901 3481 1020 3534; x_wconf 79' lang='lat' dir='ltr'>spargere</span> <span class='ocrx_word' id='word_1_230' title='bbox 1033 3477 1179 3534; x_wconf 76' lang='lat' dir='ltr'>argumenta</span> <span class='ocrx_word' id='word_1_231' title='bbox 1191 3465 1257 3528; x_wconf 85' lang='lat' dir='ltr'>viri,</span> 
     </span>
     <span class='ocr_line' id='line_1_29' title="bbox 136 3544 1021 3622; baseline -0.005 -18"><span class='ocrx_word' id='word_1_232' title='bbox 136 3554 267 3616; x_wconf 74' lang='lat' dir='ltr'>lavimus,</span> <span class='ocrx_word' id='word_1_233' title='bbox 287 3569 340 3622; x_wconf 80' lang='lat' dir='ltr'>quo</span> <span class='ocrx_word' id='word_1_234' title='bbox 359 3550 446 3604; x_wconf 83' lang='lat' dir='ltr'>omnis</span> <span class='ocrx_word' id='word_1_235' title='bbox 461 3545 597 3602; x_wconf 81' lang='lat' dir='ltr'>difficultas</span> <span class='ocrx_word' id='word_1_236' title='bbox 609 3546 670 3600; x_wconf 84' lang='lat' dir='ltr'>sub·</span> <span class='ocrx_word' id='word_1_237' title='bbox 726 3544 863 3614; x_wconf 85' lang='lat' dir='ltr'>dequibus</span> <span class='ocrx_word' id='word_1_238' title='bbox 877 3565 902 3600; x_wconf 90' lang='lat' dir='ltr'>v.</span> <span class='ocrx_word' id='word_1_239' title='bbox 920 3549 1021 3600; x_wconf 83' lang='lat' dir='ltr'>Comus.</span> 
     </span>
    </p>

    <p class='ocr_par' dir='ltr' id='par_1_10' title="bbox 138 3631 1256 3690">
     <span class='ocr_line' id='line_1_30' title="bbox 138 3631 1256 3690; baseline -0.007 0"><span class='ocrx_word' id='word_1_240' title='bbox 138 3637 191 3690; x_wconf 79' lang='lat' dir='ltr'>leta</span> <span class='ocrx_word' id='word_1_241' title='bbox 208 3636 321 3690; x_wconf 82' lang='lat' dir='ltr'>videtur.</span> <span class='ocrx_word' id='word_1_242' title='bbox 760 3636 802 3684; x_wconf 84' lang='grc'><strong>84.</strong></span> <span class='ocrx_word' id='word_1_243' title='bbox 818 3631 888 3681; x_wconf 83' lang='lat' dir='ltr'>libris</span> <span class='ocrx_word' id='word_1_244' title='bbox 900 3644 1026 3682; x_wconf 74' lang='lat' dir='ltr'>urceorum</span> <span class='ocrx_word' id='word_1_245' title='bbox 1043 3636 1067 3682; x_wconf 89' lang='grc'>7.</span> <span class='ocrx_word' id='word_1_246' title='bbox 1087 3637 1126 3682; x_wconf 84' lang='lat' dir='ltr'>tt.</span> <span class='ocrx_word' id='word_1_247' title='bbox 1146 3633 1256 3683; x_wconf 73' lang='lat'>20-24.</span> 
     </span>
    </p>

    <p class='ocr_par' dir='ltr' id='par_1_11' title="bbox 174 3710 1257 3788">
     <span class='ocr_line' id='line_1_31' title="bbox 174 3710 1257 3788; baseline -0.009 -15"><span class='ocrx_word' id='word_1_248' title='bbox 174 3727 216 3773; x_wconf 82' lang='lat'>69.</span> <span class='ocrx_word' id='word_1_249' title='bbox 233 3730 354 3788; x_wconf 74' lang='lat' dir='ltr'>mpeetate</span> <span class='ocrx_word' id='word_1_250' title='bbox 370 3723 413 3770; x_wconf 81' lang='grc'><strong>47.</strong></span> <span class='ocrx_word' id='word_1_251' title='bbox 428 3721 468 3768; x_wconf 86' lang='grc'><strong>48.</strong></span> <span class='ocrx_word' id='word_1_252' title='bbox 481 3719 523 3769; x_wconf 88' lang='grc'><strong>64.</strong></span> <span class='ocrx_word' id='word_1_253' title='bbox 725 3719 766 3768; x_wconf 80' lang='lat'>29.</span> <span class='ocrx_word' id='word_1_254' title='bbox 792 3714 869 3765; x_wconf 81' lang='lat' dir='ltr'>titulis</span> <span class='ocrx_word' id='word_1_255' title='bbox 893 3726 1003 3766; x_wconf 75' lang='lat' dir='ltr'>aetorum</span> <span class='ocrx_word' id='word_1_256' title='bbox 1030 3714 1193 3782; x_wconf 74' lang='lat' dir='ltr'>adspergere,</span> <span class='ocrx_word' id='word_1_257' title='bbox 1214 3710 1257 3764; x_wconf 81' lang='lat' dir='ltr'>rel</span> 
     </span>
    </p>

    <p class='ocr_par' dir='ltr' id='par_1_12' title="bbox 138 3795 1256 4037">
     <span class='ocr_line' id='line_1_32' title="bbox 176 3795 1256 3871; baseline -0.007 -13"><span class='ocrx_word' id='word_1_258' title='bbox 176 3811 219 3858; x_wconf 89' lang='lat'>70.</span> <span class='ocrx_word' id='word_1_259' title='bbox 227 3805 357 3856; x_wconf 81' lang='lat' dir='ltr'>dissimiles</span> <span class='ocrx_word' id='word_1_260' title='bbox 374 3819 420 3871; x_wconf 85' lang='lat' dir='ltr'>pro</span> <span class='ocrx_word' id='word_1_261' title='bbox 438 3800 575 3852; x_wconf 79' lang='lat' dir='ltr'>dissimules</span> <span class='ocrx_word' id='word_1_262' title='bbox 588 3805 628 3852; x_wconf 92' lang='grc'><strong>46.</strong></span> <span class='ocrx_word' id='word_1_263' title='bbox 641 3805 671 3852; x_wconf 84' lang='grc'><strong>46</strong></span> <span class='ocrx_word' id='word_1_264' title='bbox 721 3800 809 3852; x_wconf 81' lang='lat' dir='ltr'>tabuiis</span> <span class='ocrx_word' id='word_1_265' title='bbox 818 3810 928 3850; x_wconf 82' lang='lat' dir='ltr'>aetorum</span> <span class='ocrx_word' id='word_1_266' title='bbox 941 3815 1055 3868; x_wconf 73' lang='lat' dir='ltr'>spargere</span> <span class='ocrx_word' id='word_1_267' title='bbox 1070 3795 1169 3868; x_wconf 77' lang='lat' dir='ltr'>legebat</span> <span class='ocrx_word' id='word_1_268' title='bbox 1181 3797 1256 3850; x_wconf 79' lang='lat' dir='ltr'>Serv.</span> 
     </span>
     <span class='ocr_line' id='line_1_33' title="bbox 138 3883 1156 3953; baseline -0.007 -13"><span class='ocrx_word' id='word_1_269' title='bbox 138 3893 219 3940; x_wconf 68' lang='lat' dir='ltr'>-at</span> <span class='ocrx_word' id='word_1_270' title='bbox 243 3905 269 3940; x_wconf 79' lang='lat' dir='ltr'>r.</span> <span class='ocrx_word' id='word_1_271' title='bbox 286 3885 318 3938; x_wconf 82' lang='lat' dir='ltr'>ad</span> <span class='ocrx_word' id='word_1_272' title='bbox 331 3889 363 3951; x_wconf 90' lang='lat'>11,</span> <span class='ocrx_word' id='word_1_273' title='bbox 378 3891 471 3939; x_wconf 79' lang='lat' dir='ltr'>3.-ut</span> <span class='ocrx_word' id='word_1_274' title='bbox 487 3887 612 3936; x_wconf 73' lang='lat' dir='ltr'>ommium</span> <span class='ocrx_word' id='word_1_275' title='bbox 634 3890 672 3935; x_wconf 82' lang='grc'><strong>45.</strong></span> <span class='ocrx_word' id='word_1_276' title='bbox 723 3886 755 3939; x_wconf 80' lang='lat' dir='ltr'>ad</span> <span class='ocrx_word' id='word_1_277' title='bbox 770 3885 846 3953; x_wconf 79' lang='lat' dir='ltr'>Virg.</span> <span class='ocrx_word' id='word_1_278' title='bbox 860 3885 908 3935; x_wconf 86' lang='lat' dir='ltr'>Ge.</span> <span class='ocrx_word' id='word_1_279' title='bbox 923 3885 954 3946; x_wconf 88' lang='lat' dir='ltr'>li,</span> <span class='ocrx_word' id='word_1_280' title='bbox 969 3887 1028 3939; x_wconf 77' lang='lat'>502.</span> <span class='ocrx_word' id='word_1_281' title='bbox 1155 3883 1156 3887; x_wconf 72' lang='grc'>’</span> 
     </span>
     <span class='ocr_line' id='line_1_34' title="bbox 140 3972 1015 4037; baseline -0.01 -12"><span class='ocrx_word' id='word_1_282' title='bbox 140 3985 165 4025; x_wconf 84' lang='lat' dir='ltr'>et</span> <span class='ocrx_word' id='word_1_283' title='bbox 179 3976 264 4025; x_wconf 80' lang='lat' dir='ltr'>mittes</span> <span class='ocrx_word' id='word_1_284' title='bbox 282 3975 324 4025; x_wconf 77' lang='grc'>23.</span> <span class='ocrx_word' id='word_1_285' title='bbox 757 3973 799 4020; x_wconf 85' lang='grc'>86.</span> <span class='ocrx_word' id='word_1_286' title='bbox 813 3985 900 4037; x_wconf 80' lang='lat' dir='ltr'>posses</span> <span class='ocrx_word' id='word_1_287' title='bbox 918 3972 959 4018; x_wconf 88' lang='grc'>44.</span> <span class='ocrx_word' id='word_1_288' title='bbox 976 3973 1015 4018; x_wconf 89' lang='grc'><strong>46.</strong></span> 
     </span>
    </p>

    <p class='ocr_par' dir='ltr' id='par_1_13' title="bbox 141 4040 1258 4294">
     <span class='ocr_line' id='line_1_35' title="bbox 173 4040 1256 4115; baseline -0.015 -5"><span class='ocrx_word' id='word_1_289' title='bbox 173 4065 216 4111; x_wconf 86' lang='grc'>76.</span> <span class='ocrx_word' id='word_1_290' title='bbox 233 4055 293 4108; x_wconf 74' lang='lat' dir='ltr'>haee</span> <span class='ocrx_word' id='word_1_291' title='bbox 315 4059 357 4108; x_wconf 74' lang='lat'>25.</span> <span class='ocrx_word' id='word_1_292' title='bbox 383 4057 545 4107; x_wconf 77' lang='grc'><strong>27.45-66.</strong></span> <span class='ocrx_word' id='word_1_293' title='bbox 566 4055 675 4106; x_wconf 79' lang='lat'>55-63.</span> <span class='ocrx_word' id='word_1_294' title='bbox 759 4050 799 4099; x_wconf 83' lang='lat'>88.</span> <span class='ocrx_word' id='word_1_295' title='bbox 810 4046 902 4115; x_wconf 74' lang='lat' dir='ltr'>Legati</span> <span class='ocrx_word' id='word_1_296' title='bbox 923 4061 997 4096; x_wconf 77' lang='lat' dir='ltr'>omne</span> <span class='ocrx_word' id='word_1_297' title='bbox 1014 4049 1054 4094; x_wconf 88' lang='grc'>44.</span> <span class='ocrx_word' id='word_1_298' title='bbox 1073 4040 1146 4110; x_wconf 69' lang='lat' dir='ltr'>prole.</span> <span class='ocrx_word' id='word_1_299' title='bbox 1168 4040 1256 4094; x_wconf 81' lang='lat' dir='ltr'>Heius.</span> 
     </span>
     <span class='ocr_line' id='line_1_36' title="bbox 141 4129 1257 4204; baseline -0.014 -10"><span class='ocrx_word' id='word_1_300' title='bbox 141 4145 252 4194; x_wconf 81' lang='grc'><strong>65-69.</strong></span> <span class='ocrx_word' id='word_1_301' title='bbox 267 4143 374 4192; x_wconf 79' lang='grc'><strong>74-74.</strong></span> <span class='ocrx_word' id='word_1_302' title='bbox 388 4155 451 4204; x_wconf 71' lang='lat' dir='ltr'>ergo</span> <span class='ocrx_word' id='word_1_303' title='bbox 465 4141 506 4188; x_wconf 84' lang='grc'><strong>46.</strong></span> <span class='ocrx_word' id='word_1_304' title='bbox 522 4139 563 4188; x_wconf 88' lang='grc'>47.</span> <span class='ocrx_word' id='word_1_305' title='bbox 577 4139 619 4188; x_wconf 83' lang='grc'><strong>46.</strong></span> <span class='ocrx_word' id='word_1_306' title='bbox 627 4151 674 4204; x_wconf 88' lang='lat' dir='ltr'>pro</span> <span class='ocrx_word' id='word_1_307' title='bbox 686 4165 689 4178; x_wconf 92' lang='lat'>.</span> <span class='ocrx_word' id='word_1_308' title='bbox 724 4129 756 4182; x_wconf 82' lang='lat' dir='ltr'>ad</span> <span class='ocrx_word' id='word_1_309' title='bbox 769 4129 846 4182; x_wconf 82' lang='lat' dir='ltr'>Ovid.</span> <span class='ocrx_word' id='word_1_310' title='bbox 860 4132 919 4182; x_wconf 85' lang='lat' dir='ltr'>Her.</span> <span class='ocrx_word' id='word_1_311' title='bbox 934 4129 1014 4198; x_wconf 83' lang='lat' dir='ltr'>Epist.</span> <span class='ocrx_word' id='word_1_312' title='bbox 1028 4129 1096 4190; x_wconf 81' lang='lat' dir='ltr'>vlu,</span> <span class='ocrx_word' id='word_1_313' title='bbox 1112 4131 1168 4180; x_wconf 85' lang='grc'><strong>464.</strong></span> <span class='ocrx_word' id='word_1_314' title='bbox 1179 4141 1257 4194; x_wconf 88' lang='lat' dir='ltr'>quern</span> 
     </span>
     <span class='ocr_line' id='line_1_37' title="bbox 144 4213 1258 4294; baseline -0.013 -18"><span class='ocrx_word' id='word_1_315' title='bbox 144 4241 224 4294; x_wconf 78' lang='lat' dir='ltr'>ego..</span> <span class='ocrx_word' id='word_1_316' title='bbox 725 4215 794 4268; x_wconf 82' lang='lat' dir='ltr'>vide.</span> <span class='ocrx_word' id='word_1_317' title='bbox 824 4213 875 4268; x_wconf 85' lang='lat' dir='ltr'>Sed</span> <span class='ocrx_word' id='word_1_318' title='bbox 894 4213 1037 4268; x_wconf 86' lang='lat' dir='ltr'>verendum</span> <span class='ocrx_word' id='word_1_319' title='bbox 1051 4222 1103 4278; x_wconf 86' lang='lat' dir='ltr'>est,</span> <span class='ocrx_word' id='word_1_320' title='bbox 1122 4215 1258 4281; x_wconf 69' lang='lat' dir='ltr'>nepoitae</span> 
     </span>
    </p>

    <p class='ocr_par' dir='ltr' id='par_1_14' title="bbox 144 4296 1257 4452">
     <span class='ocr_line' id='line_1_38' title="bbox 176 4296 1256 4374; baseline -0.012 -16"><span class='ocrx_word' id='word_1_321' title='bbox 176 4312 217 4358; x_wconf 81' lang='lat'>79.</span> <span class='ocrx_word' id='word_1_322' title='bbox 236 4319 259 4357; x_wconf 81' lang='lat' dir='ltr'>et</span> <span class='ocrx_word' id='word_1_323' title='bbox 280 4307 366 4358; x_wconf 81' lang='lat' dir='ltr'>dirimi</span> <span class='ocrx_word' id='word_1_324' title='bbox 380 4300 594 4374; x_wconf 77' lang='lat' dir='ltr'>22.·-iamsere</span> <span class='ocrx_word' id='word_1_325' title='bbox 605 4302 671 4354; x_wconf 83' lang='lat' dir='ltr'>solu·</span> <span class='ocrx_word' id='word_1_326' title='bbox 725 4299 761 4350; x_wconf 85' lang='lat' dir='ltr'>sie</span> <span class='ocrx_word' id='word_1_327' title='bbox 775 4297 901 4368; x_wconf 81' lang='lat' dir='ltr'>elegantia</span> <span class='ocrx_word' id='word_1_328' title='bbox 921 4296 1082 4360; x_wconf 83' lang='lat' dir='ltr'>obtrudatur,</span> <span class='ocrx_word' id='word_1_329' title='bbox 1107 4313 1172 4364; x_wconf 76' lang='lat' dir='ltr'>qum</span> <span class='ocrx_word' id='word_1_330' title='bbox 1188 4296 1256 4346; x_wconf 87' lang='lat' dir='ltr'>sorte</span> 
     </span>
     <span class='ocr_line' id='line_1_39' title="bbox 144 4379 1257 4452; baseline -0.011 -8"><span class='ocrx_word' id='word_1_331' title='bbox 144 4401 192 4444; x_wconf 80' lang='lat' dir='ltr'>um</span> <span class='ocrx_word' id='word_1_332' title='bbox 208 4397 252 4444; x_wconf 80' lang='grc'><strong>24.</strong></span> <span class='ocrx_word' id='word_1_333' title='bbox 726 4381 801 4437; x_wconf 81' lang='lat' dir='ltr'>uuila</span> <span class='ocrx_word' id='word_1_334' title='bbox 817 4393 870 4447; x_wconf 80' lang='lat' dir='ltr'>est,</span> <span class='ocrx_word' id='word_1_335' title='bbox 890 4391 915 4436; x_wconf 86' lang='lat' dir='ltr'>et</span> <span class='ocrx_word' id='word_1_336' title='bbox 933 4399 1012 4452; x_wconf 69' lang='lat' dir='ltr'>qutun</span> <span class='ocrx_word' id='word_1_337' title='bbox 1029 4390 1072 4434; x_wconf 82' lang='lat' dir='ltr'>aut</span> <span class='ocrx_word' id='word_1_338' title='bbox 1086 4379 1197 4449; x_wconf 77' lang='lat' dir='ltr'>respuit,</span> <span class='ocrx_word' id='word_1_339' title='bbox 1212 4387 1257 4432; x_wconf 83' lang='lat' dir='ltr'>aut</span> 
     </span>
    </p>
   </div>
   <div class='ocr_carea' id='block_1_4' title="bbox 0 0 1554 5498">
    <p class='ocr_par' dir='ltr' id='par_1_15' title="bbox 0 0 1554 5498">
     <span class='ocr_line' id='line_1_40' title="bbox 0 0 1554 5498; baseline 0 3"><span class='ocrx_word' id='word_1_340' title='bbox 0 0 1554 5498; x_wconf 95' lang='lat' dir='ltr'> </span> 
     </span>
    </p>
   </div>
  </div>
 </body>
</html>
