3098 5498
337 321 424 418 130
774 349 1002 418 4444444444.

327 555 452 629 Ρ444ἰο
472 552 688 654 thyrsumre
707 565 831 656 potest
848 551 1070 654 contingere
1090 543 1181 625 sana
1416 592 1448 643 ω

325 672 532 776 Paupertas
551 685 665 772 atque
686 669 781 744 aeris
801 669 932 772 inops,
950 693 1030 770 quo
1048 684 1160 742 nocte
1180 663 1319 772 dieque

327 787 473 891 Corpus
500 803 606 890 eget:
628 802 732 861 satur
749 801 823 876 est,
842 811 960 886 quum
980 781 1073 858 dicit
1091 783 1289 876 Horatius,
1306 787 1416 862 Eune
1434 789 1446 862 4

335 938 339 952 ·
377 903 468 995 Quis
486 899 592 976 locus
612 901 789 1002 ingenio,
809 899 880 972 nisi
899 925 1017 1001 quum
1032 923 1071 972 se
1091 900 1257 974 carmine
1278 897 1361 974 solo

326 1019 475 1092 Vexent
491 1033 529 1118 et
546 1015 707 1091 dominis
727 1015 882 1094 Cirrhae
901 1017 1102 1118 Nysaeque
1123 1013 1303 1089 feruntur

326 1136 485 1210 Pectora
504 1150 653 1224 nostra,
674 1131 767 1210 duas
785 1157 866 1206 non
885 1130 1121 1205 admittentia
1142 1134 1285 1206 curas?
1417 1167 1450 1218 ⁶3
1537 1199 1538 1208 ,

328 1251 486 1352 Magnae
506 1249 639 1324 mentis
659 1275 755 1354 opus
774 1273 846 1323 nec
866 1247 914 1322 de
931 1246 1056 1322 lodice
1076 1247 1246 1352 paranda

327 1365 540 1456 Attonitae,
558 1390 692 1448 currus
712 1381 751 1439 et
767 1391 886 1468 equos
904 1363 1095 1467 faciesque
1115 1367 1283 1440 Deorum

326 1479 552 1587 Adspicere,
571 1499 609 1555 et
625 1480 748 1586 qualis
770 1479 953 1556 Rutulum
972 1479 1184 1556 confundat
1202 1483 1380 1584 Erinnys.

328 1599 421 1682 Nam
442 1601 472 1672 si
488 1595 649 1700 Virgilio
668 1625 765 1702 puer
783 1613 821 1672 et
840 1595 1039 1678 tolerabile
1057 1597 1204 1673 deesset

328 1715 562 1820 Hospitium,
576 1713 756 1788 caderent
775 1737 904 1794 omnes
923 1742 944 1788 a
963 1715 1132 1790 crinibus
1152 1711 1290 1817 hydri:
1410 1753 1445 1802 70
1537 1773 1538 1780 ,

327 1832 452 1917 Surda
469 1829 564 1905 nihil
585 1849 751 1934 gemeret
769 1857 882 1931 grave
900 1830 1072 1906 buccina.
1090 1831 1302 1922 Pnscimus,
1317 1845 1361 1904 ut
1378 1833 1438 1907 sit·

327 1951 415 2024 Non
432 1951 554 2024 minor
572 1950 729 2051 antiquo
748 1946 951 2046 Rubrenus
968 1949 1100 2052 Lappa
1120 1947 1333 2038 cothurno,

328 2067 443 2142 Cuius
461 2082 500 2142 et
515 2063 680 2142 alveolos
698 2081 737 2143 et
755 2065 900 2138 laenam
919 2065 1094 2168 pignerat
1112 2063 1259 2139 Atreus.

329 2297 382 2332 uon
403 2278 515 2350 improb.
536 2280 685 2343 4444444444,
710 2244 816 2352 4444444.
833 2299 864 2334 ne
915 2299 952 2332 444.
968 2299 1017 2334 sec.
1038 2285 1081 2334 25.
1094 2284 1135 2334 26.
1153 2285 1196 2334 45.
1217 2283 1258 2333 49.
1282 2281 1324 2334 ⁵0.
1339 2281 1445 2336 64-69.
1537 2313 1538 2364 t

331 2361 485 2433 corripiatur
497 2375 557 2418 ante
572 2364 673 2416 literam
691 2363 860 2437 sliqueeeen·
915 2369 1024 2420 74-74.
1040 2369 1080 2417 77.
1099 2373 1124 2416 44
1141 2361 1255 2434 plerique
1275 2360 1349 2416 codd.
1368 2361 1444 2414 Paris.
1537 2377 1538 2422 3

329 2457 401 2511 tem,
421 2448 461 2500 vel
480 2447 609 2518 antipodia
623 2447 781 2502 admittatur.
915 2464 930 2500 e
951 2447 1044 2517 quibus
1062 2463 1130 2498 nunc
1157 2445 1222 2498 benc
1247 2443 1306 2498 lect.
1328 2444 1447 2498 substitui

363 2537 406 2590 644.
419 2533 576 2604 thyrrenum
590 2541 613 2589 t.
628 2538 669 2588 444.
683 2538 714 2586 23
730 2552 743 2584 a
759 2551 795 2584 m.
813 2549 863 2586 sec.
914 2547 973 2584 cum
984 2529 1047 2582 Aeb.
1059 2528 1106 2582 etsi
1118 2519 1184 2580 bene
1197 2527 1275 2582 etiem
1287 2527 1364 2581 babet
1380 2526 1446 2596 vrrlg.

314 2603 478 2669 'lb—sorra
486 2613 599 2700 plerique
612 2613 682 2679 libri,
695 2634 760 2685 quos
770 2633 864 2684 sequu·
915 2629 1006 2680 vestra,
1019 2625 1047 2667 ut
1056 2615 1184 2668 luvenalis
1196 2617 1282 2685 pob‘tas
1293 2613 1446 2684 alloquatur.

328 2707 370 2752 4444
385 2717 459 2763 sum,
481 2704 521 2754 40.
545 2707 586 2761 44.
602 2705 641 2752 45.
658 2707 697 2764 47.
709 2703 816 2753 49-27.
831 2703 863 2750 45
914 2717 1030 2751 *voees
1043 2717 1089 2768 pro
1101 2719 1172 2752 4444444
1188 2703 1230 2752 27.
1246 2704 1285 2751 46.
1302 2704 1343 2750 47.
1358 2703 1401 2751 48.
1537 2741 1538 2776 y

328 2789 405 2837 -644,
418 2791 526 2838 54-69.
540 2790 649 2838 tta-74.
671 2781 786 2854 plerique
797 2782 863 2854 opti·
948 2790 988 2838 68.
1010 2785 1141 2856 eouswtdr't
1159 2791 1199 2839 45.
1216 2783 1330 2853 consedit
1350 2789 1390 2835 44.
1407 2789 1446 2836 46.
1537 2815 1538 2818 =

327 2865 415 2936 mique
441 2866 516 2921 codd.
542 2866 621 2922 Paris.
645 2865 713 2930 forte
739 2877 765 2920 et
788 2877 863 2922 vetus
914 2869 1312 2942 -Err'rmir,Er·inir‚Eryneir
1329 2866 1365 2920 el.
1394 2863 1446 2920 Sed

327 2948 413 3005 Sobel.
435 2949 480 3021 qui
505 2952 540 3004 itt
560 2948 584 3002 b.
610 2949 628 3010 l.
658 2949 861 3018 interpretatur:
913 2952 1018 3022 Ἐριννὺς
1032 2951 1135 3006 dieitur.
1233 2983 1243 2992 -
1537 2947 1538 2980 ³

329 3034 469 3087 “insanire
491 3052 589 3104 pauper
618 3051 672 3088 non
703 3043 789 3104 potest
819 3043 863 3088 aut
948 3041 988 3088 69.
1005 3036 1122 3088 enirm
1141 3039 1323 3089 44444494
1340 3049 1378 3084 444.
1395 3048 1446 3083 eet.

326 3116 430 3174 moveri
451 3115 483 3170 ad
503 3117 668 3172 scribendum
674 3155 684 3182 ,
704 3115 764 3187 quia
781 3116 862 3170 fanti-
914 3123 954 3170 49.
975 3123 1017 3172 20.
1035 3124 1075 3171 22.
1087 3125 1128 3173 26.
1146 3123 1188 3178 25.
1201 3124 1243 3173 27.
1257 3121 1366 3171 45-544.
1380 3119 1447 3168 54-

326 3196 432 3258 liaribus
446 3201 522 3256 rebus
535 3201 669 3257 consulere
686 3203 803 3273 cogitur:
816 3200 859 3254 di·
878 3258 884 3266 ,
911 3207 953 3256 69.
975 3209 1096 3256 74-74,
1116 3209 1162 3256 77.
1185 3212 1210 3254 et
1227 3199 1342 3272 plerique
1368 3195 1446 3254 codd.

328 3293 390 3336 cunt
417 3302 494 3348 444444,
524 3271 575 3338 nisi
598 3283 734 3349 insanum,
759 3289 860 3354 po'e'tam
911 3283 991 3338 Paris.
1029 3283 1185 3340 Emendatio
1217 3281 1447 3346 scholasticorum,

325 3382 380 3420 4444
394 3385 449 3422 uon
461 3386 569 3438 posse„
583 3388 657 3425 saeva
670 3376 694 3422 7.
710 3375 752 3422 44.
767 3375 804 3421 46.
821 3376 861 3422 48.
909 3377 995 3426 metro
1006 3367 1167 3425 timentium.

327 3453 355 3503 24
382 3450 415 3504 ad
438 3469 521 3524 marg.
548 3456 588 3504 29.
609 3470 703 3529 prava,
726 3442 769 3506 4444
791 3451 860 3508 facili
944 3458 986 3506 744.
1000 3452 1096 3523 bsdrae
1110 3458 1151 3506 77.

325 3535 494 3590 aberratione.
519 3549 613 3592 44444444
633 3539 674 3597 tt.
690 3545 729 3596 ta.
755 3541 796 3596 744.
817 3543 858 3598 75.
945 3543 986 3591 74.
1005 3539 1093 3590 busina
1118 3543 1160 3590 47.
1187 3539 1228 3599 20.
1249 3540 1290 3588 24.
1309 3538 1349 3588 22.
1378 3549 1446 3602 quae

325 3625 368 3682 76.
385 3625 427 3675 77.
450 3625 491 3681 et.
516 3628 542 3673 44
561 3620 667 3689 quidam
687 3621 761 3674 codd.
780 3622 858 3676 Paris.
909 3621 1033 3688 scriptura
1053 3619 1148 3674 rectior
1165 3631 1216 3686 est,
1232 3619 1277 3673 sed
1294 3619 1322 3670 in
1335 3615 1447 3688 optimis

325 3721 391 3773 quae
405 3702 501 3758 indocti
519 3703 632 3765 bominis
643 3705 791 3769 emendatio
804 3725 858 3762 esse
908 3703 983 3758 codd.
1002 3723 1054 3756 non
1069 3701 1205 3774 reperitur.

323 3787 434 3844 videtur.
874 3807 877 3812 ·
942 3795 983 3842 72.
1001 3787 1095 3840 44444444
1112 3791 1152 3850 46,
1162 3786 1282 3845 ditabimur
1294 3789 1337 3838 24.
1347 3783 1444 3835 4444444·
1537 3763 1538 3768 ¹

357 3871 594 3924 62.Deroc.Euoe
608 3873 748 3924 v.Excurs.
760 3869 822 3924 adh
840 3871 858 3926 l.
908 3891 952 3926 44444
968 3873 1058 3944 Lappa
1077 3873 1145 3940 conj,
1162 3869 1305 3934 Dorleena,
1324 3881 1355 3922 ut
1370 3867 1442 3922 desi·

356 3959 400 4011 64.
413 3950 494 4010 Nisae
505 3952 696 4028 &masmelli
710 3953 821 4028 Cyrrhae
830 3957 857 4011 in
908 3967 1003 4029 gnetur
1025 3962 1100 4027 putta
1125 3957 1251 4026 quidam,
1274 3953 1317 4025 qui
1338 3963 1446 4024 propter
1537 3983 1538 3994 .

323 4036 449 4110 plerisque
462 4040 537 4094 codd.
550 4051 576 4094 44
589 4040 735 4094 edfledam
742 4044 857 4098 Hennin.
908 4039 1098 4098 amarulentum
1113 4040 1249 4111 ingenium
1262 4039 1397 4100 4444444444,
1418 4047 1445 4090 44

323 4132 350 4176 44
372 4121 498 4194 1444444444
523 4123 548 4176 in
571 4124 724 4194 quibusdam
751 4125 856 4198 legitur.
905 4124 997 4195 Lappa
1014 4123 1047 4178 ob
1059 4123 1255 4179 mordacitatem
1270 4124 1353 4176 dictus
1364 4123 1445 4178 444.-
1537 4137 1538 4168 l

322 4205 374 4268 Sed
393 4205 473 4282 44444444
487 4215 512 4260 44
524 4207 599 4262 444444
615 4209 744 4263 dicuntur.
908 4209 982 4278 Lapa
995 4216 1036 4263 46.
1051 4214 1091 4263 47.

357 4297 399 4344 65.
416 4293 524 4346 Pectora
543 4305 628 4347 44444444
643 4297 686 4361 (ut
700 4314 745 4348 44444
758 4313 815 4366 sup.
831 4313 855 4351 v.
940 4299 982 4349 7³.
1000 4295 1110 4347 albeolos
1132 4299 1154 4346 2.
1174 4294 1280 4348 olbiolos
1300 4301 1323 4347 3.
1335 4300 1358 4347 5.
1375 4300 1443 4347 44η

325 4375 379 4451 aa.)
398 4381 421 4439 7.
445 4377 485 4436 to.
507 4381 546 4436 44.
568 4382 606 4436 ts.
626 4383 664 4439 tt.
681 4382 721 4432 49.
739 4381 780 4462 tt.
793 4383 857 4440 244
888 4381 950 4440 25.
970 4383 1010 4440 27.
1028 4383 1307 4442 4449544642-
1318 4387 1359 4443 77·
1379 4380 1443 4443 4444
