3028 5492
21 3026 26 3167 l

1076 356 1225 460 cxxxi

106 583 216 646 iterum
236 582 333 644 iustae
352 581 480 644 editioni
499 581 659 664 percrudis,
682 581 885 647 inscribendia
905 594 936 648 et
956 605 1011 668 per
1031 585 1153 649 nominc
1168 607 1225 648 an·

105 691 224 740 ctorem
254 697 291 740 uc
318 677 421 738 titulos
455 676 694 759 distinguendia3
718 679 829 740 deiude
849 681 881 739 iu
903 679 1048 762 exemplis
1069 679 1224 763 multipli-

105 775 223 847 cuudis,
247 794 303 854 per
322 772 514 835 recensiones
547 781 649 855 (quae
670 772 777 836 Latine
796 777 942 836 correctio
964 773 1100 848 dicitnr)
1122 796 1222 837 reno·

28 944 29 953 ¹
103 869 205 932 vendis
233 878 264 930 et
294 867 516 929 retractandis:
540 868 609 928 talin
631 868 780 952 permulta
801 889 950 952 nusquam
971 869 1072 932 adhuc
1091 870 1224 933 vidimus

100 969 169 1028 setta
188 964 340 1046 quaesita,
362 962 475 1027 nedum
497 965 630 1046 perfecte
642 963 778 1046 expositu
794 974 841 1038 et,
854 961 939 1048 quod
954 963 1050 1028 variae
1064 963 1105 1026 ob
1115 984 1222 1028 cauma

100 1059 185 1122 ualde
214 1067 372 1140 optamus,
405 1057 576 1139 plenissime
605 1059 835 1140 comprehensu.
865 1057 942 1120 Loci
962 1067 1033 1120 runt
1052 1079 1113 1119 non
1134 1059 1224 1142 pauci
1286 1048 1295 1076 ⁸

97 1155 127 1214 in
147 1163 222 1214 erte
251 1152 377 1224 critice,
399 1152 452 1236 qui
477 1173 585 1216 uorem
608 1150 679 1214 iude
700 1152 801 1214 lucem
822 1161 996 1236 exspectare
1018 1153 1143 1236 possint.
1168 1153 1225 1216 Sic

96 1253 124 1310 in
146 1249 237 1310 variis
264 1249 384 1331 scriptis
410 1246 589 1328 colligendis
610 1249 687 1309 mira
707 1247 859 1330 quaedum
879 1257 930 1322 et,
952 1269 1047 1330 paene
1068 1249 1223 1312 dixerim·

96 1365 238 1425 generosa
273 1343 411 1406 cernitur
437 1341 517 1423 apud
543 1350 658 1402 ueteres
678 1341 881 1424 negligentia;
902 1363 1001 1425 neque
1020 1343 1063 1404 sic
1084 1341 1143 1402 iam
1163 1343 1217 1404 in-

93 1439 223 1500 dustrios
253 1438 392 1499 videmus
412 1445 570 1510 auctores,
592 1445 625 1495 ut
655 1435 711 1518 ipsi
732 1457 784 1516 eun
806 1437 909 1518 Opera
930 1440 1035 1498 omnia
1056 1437 1220 1498 comerci-

94 1542 195 1594 nantes
215 1531 361 1594 facillime
381 1531 484 1615 populi
504 1529 692 1604 commodo,
712 1541 764 1591 aut
783 1532 873 1592 etiem
893 1553 963 1606 eno,
984 1531 1217 1616 prospicerent:

92 1631 127 1689 ita
148 1626 299 1712 pleraque
318 1625 460 1688 dissoluta
481 1635 512 1686 et
532 1623 688 1707 dissipata,
710 1626 861 1708 permulta
880 1647 920 1688 ne
939 1626 979 1689 ub
999 1627 1064 1710 ipso
1083 1625 1210 1712 quidem

91 1734 215 1785 auctore
236 1723 274 1782 ad
297 1721 462 1783 editionem
482 1717 646 1793 destinata,
668 1741 889 1805 nonnunquam
910 1721 1074 1782 admodum
1094 1729 1215 1784 cernet

1 1831 2 1882 l
90 1815 124 1876 ab
155 1815 312 1896 imperitis
333 1813 563 1897 colligebantur.
588 1813 705 1888 Quodsi
727 1814 790 1897 ipsc
810 1816 940 1896 scriptor
959 1815 1131 1876 institueret
1149 1815 1220 1875 ool·

1 1955 2 1958 ,
88 1910 277 1983 lectionem,
299 1907 453 1970 faciebant
473 1909 531 1968 hoc
556 1909 707 1980 maxime,
727 1915 770 1992 ut¹
782 1907 820 1968 de
841 1907 984 1990 Epistolie
1005 1907 1120 1970 Plinius
1139 1927 1217 1968 nar-

87 2015 130 2065 rat
150 2005 193 2077 1,
219 2027 244 2064 1.
266 2003 403 2084 Collegi,
435 2025 497 2064 non
528 2018 642 2064 servato
677 2006 821 2084 temporie
847 2004 959 2064 ordine
991 2005 1211 2086 (nequeenim

86 2102 247 2160 historiam
268 2098 532 2180 componebam),
554 2099 608 2158 sed
627 2111 660 2158 ut
679 2117 818 2179 quaeque
837 2101 870 2158 in
892 2117 999 2158 monus
1018 2111 1146 2160 venerat.
1159 2093 1214 2159 sid

87 2199 195 2274 poetae
224 2215 349 2278 qunque
376 2193 534 2266 fecerunt,
556 2201 590 2253 ut
609 2191 752 2254 Horatius
773 2201 803 2253 et
823 2192 984 2265 Titanum
1005 2212 1104 2274 neque
1123 2190 1214 2252 aliter

1 2313 2 2372 l
86 2288 265 2360 luvenalis3
295 2289 387 2350 modo
415 2288 454 2349 sit
473 2287 566 2369 ipsius
589 2288 646 2349 boc
667 2297 844 2370 syntagma,
866 2288 950 2368 qnod
971 2308 1055 2347 nnnc
1073 2285 1213 2347 manibus

86 2394 236 2445 tenemus.
255 2385 334 2444 Eum
356 2383 534 2465 produxisse
554 2383 591 2444 ud
612 2383 797 2444 audiendum
821 2381 912 2463 plurn
933 2382 1100 2442 Satirarum
1123 2381 1218 2441 volu·-

88 2479 202 2553 mina‚
227 2478 346 2542 scilicet
378 2499 434 2560 per
455 2479 588 2540 diverses
609 2477 689 2539 uices
711 2479 859 2549 acroasin,
888 2477 1053 2538 coniectari
1073 2473 1220 2558 probabi-

90 2573 167 2634 liter
186 2582 296 2656 potest‚
318 2574 454 2655 primum
474 2595 512 2636 ex
532 2573 657 2653 antiquo
675 2593 759 2633 more
773 2592 807 2632 uc
824 2570 914 2634 modo
929 2569 1086 2644 recitandi,
1103 2557 1216 2631 deinde

91 2689 129 2729 ex
151 2667 203 2728 ille
219 2711 228 2742 ,
247 2687 326 2750 quae
345 2667 439 2750 vulgo
461 2670 492 2728 iu
512 2667 678 2728 codicibus
710 2668 887 2750 reperitur,
912 2665 1047 2752 quinque
1067 2663 1218 2726 librorum

12 2780 14 2805 ¹
93 2759 234 2823 distincte
266 2764 441 2838 notatione,
468 2784 558 2846 quam
580 2760 660 2821 haud
682 2760 723 2821 ita
746 2761 872 2822 minimo
893 2757 1096 2842 spernendam
1120 2765 1217 2839 puta·

98 2877 181 2930 mus,
213 2866 248 2916 ut
277 2877 341 2916 uon
362 2857 419 2916 uisi
440 2856 563 2944 ultimae
583 2855 686 2917 aetatis
706 2854 984 2916 Grammaticorum
1007 2850 1146 2914 hamdan
1165 2849 1215 2910 ai-

99 2949 209 3010 deetur.
240 2951 350 3028 Quid?
370 2950 453 3034 qnod
474 2950 608 3013 eiusdem
628 2951 674 3011 rei
693 2950 757 3013 fere
779 2949 922 3013 historica
942 2946 1123 3032 significatio
1143 2943 1214 3006 latet

99 3045 128 3106 iu
148 3045 239 3122 Vita,
256 3046 404 3108 Suetonio
424 3045 516 3108 tribui
536 3044 633 3107 solita.
649 3074 666 3102 ι

263 3243 513 3307 sertunuvnt
533 3243 680 3308 TITVLl
700 3243 754 3306 ET
776 3241 1045 3305 ARGVMENTA

101 3428 128 3484 ln
146 3425 302 3488 codicibus
322 3435 354 3488 et
372 3426 492 3510 scriptis
513 3436 543 3488 et
563 3425 650 3488 editis
670 3425 752 3487 varia
773 3425 914 3502 ratione,
931 3433 966 3487 et
985 3421 1032 3486 rel
1053 3442 1140 3507 prose
1164 3420 1211 3484 vel

102 3543 179 3585 verse
199 3523 339 3586 eratione
358 3541 500 3606 expressa
521 3523 673 3606 leguntur.

542 3715 719 3778 SA'l'llldE
738 3715 761 3774 l.

137 3905 238 3966 Prima
267 3903 358 3965 docet
384 3901 501 3963 Satiree
524 3920 642 3962 causum
663 3901 854 3982 formamque
873 3897 1034 3960 libent·
1053 3895 1218 3960 Materiam

100 4009 269 4062 etecusam
289 3998 349 4072 (nl.
369 4005 493 4070 cuneus)
514 3996 675 4058 satirarum
698 3996 755 4058 hec
775 3995 896 4078 adspice
917 3991 983 4068 (al.
1004 3993 1218 4074 inspico)pri-

22 4137 24 4189 i
102 4117 154 4156 ma.
172 4127 208 4142 -
228 4095 399 4168 stauratio,
429 4112 485 4155 cnr
515 4093 626 4156 Satires
657 4091 783 4153 scribat.
805 4123 846 4146 ι-
865 4091 930 4156 Cur
952 4089 1055 4156 nurus
1087 4087 1220 4168 scribat,

101 4193 150 4276 qni
170 4193 236 4256 fere
255 4191 294 4256 ad
315 4189 447 4255 namium
468 4197 595 4256 aetatem
618 4185 805 4255 declamauit·

22 4347 25 4441 s
