3108 5494
536 425 691 509 sertae
724 424 768 500 ιι.
1136 425 1202 520 pr

74 635 108 686 ur
118 621 225 706 reliqua
240 625 316 686 edan
330 621 436 693 ducier.
450 630 510 696 ret.
532 625 578 690 ills
596 623 682 690 clerus
698 649 793 710 genere
807 577 886 712 aque
897 625 989 710 opibus
1002 631 1061 690 ciet
1081 625 1205 697 remit

75 727 159 765 onmes
179 730 263 768 name
276 711 351 768 dirisi
373 717 401 770 in
420 713 482 772 duas
496 729 580 792 panes
603 717 727 774 diuersas:
720 733 799 790 .parr
818 715 846 776 ls
863 713 985 794 adposite
998 713 1088 796 copti,
1100 733 1205 793 quotum

76 797 174 892 hispida
188 795 309 851 membra
323 795 433 871 quidem
457 810 483 853 et
506 799 585 853 durae
605 817 651 871 pet·
668 799 772 854 brechia
790 815 856 855 setae
880 801 1066 873 promittebant
1089 811 1204 858 atrocem

74 879 195 934 animum
213 882 258 948 (a.
278 890 318 934 tt.
334 885 412 951 ι2.,)
425 879 452 932 in
464 901 526 953 quos
538 881 603 935 adeo
617 882 762 936 Tulliamrm
776 881 876 938 valebat
888 885 953 937 illud
966 886 1044 938 Stoici
1059 903 1140 954 paene
1153 887 1205 958 cy·

75 963 121 1016 nicr
113 963 197 1018 'cte
217 960 277 1036 Off.
293 973 302 1016 l
313 1004 322 1028 ,
350 970 402 1030 35,·
416 977 502 1017 eontra
515 966 562 1036 alii
573 967 666 1016 venusti
679 986 709 1018 ac
720 967 824 1019 delicati
836 969 972 1038 vestiturque
985 978 1009 1020 et
1021 971 1134 1020 universo
1147 987 1203 1020 cor·

74 1051 140 1115 poris
151 1045 246 1100 babitu
261 1047 296 1099 ad
310 1065 409 1100 amnem
418 1048 565 1102 munditiem
578 1048 694 1116 expoliti,
709 1047 789 1102 Stoici
805 1067 884 1118 paene
898 1049 1028 1119 Epicurei,
1038 1054 1127 1122 quique
1139 1052 1205 1104 cultu

74 1123 202 1182 elamictu
225 1129 358 1194 Antonio,
376 1147 451 1198 peram
473 1127 572 1180 Zenoni
593 1141 636 1180 aut
657 1127 818 1200 Chrysippo,
839 1131 971 1184 similiores
988 1149 1015 1182 se
1035 1129 1203 1184 ostendebam

75 1214 117 1268 Aa
129 1213 179 1264 lsos
188 1213 271 1282 ppulo
283 1212 410 1282 abnrptior
423 1216 513 1264 tramit
524 1211 605 1264 oratic
618 1231 636 1262 a
653 1229 680 1262 v.
694 1215 725 1264 65
733 1231 816 1281 ,quos
828 1224 912 1267 umas
924 1231 974 1266 uate
987 1231 1039 1266 esse
1053 1233 1070 1266 a
1083 1212 1204 1268 Stoicidis

74 1293 258 1363 reimpendos,
276 1310 325 1342 mse
336 1310 399 1342 mox
410 1291 525 1344 Creticus
540 1292 639 1344 doceret
655 1310 683 1344 v.
701 1297 742 1344 77.
760 1309 819 1344 acer
832 1303 857 1344 et
871 1291 1014 1344 indomitus
1027 1290 1203 1366 lrbertausque

76 1373 219 1445 magister,
241 1373 362 1425 videlicet
374 1371 489 1465 Stoicae,
502 1375 531 1426 id
544 1373 656 1443 intelligi
676 1393 708 1424 ex
730 1375 799 1426 amni
811 1377 987 1426 sententiarum
1003 1385 1119 1426 contextu
1130 1394 1203 1446 apor-

11 1464 16 1479 '
76 1469 139 1512 east.
170 1455 316 1512 Ceterum
306 1431 510 1527 rnmmdoribuc
520 1460 598 1510 etiam
615 1457 737 1511 narentdla
748 1458 826 1513 moris
841 1455 982 1510 Stoicarum
1001 1457 1203 1531 babentsignist-

75 1547 189 1604 tionem,
212 1559 276 1610 quae
294 1539 370 1610 vulgo
392 1541 471 1590 mima
490 1529 728 1591 animadvertuntur.
761 1537 861 1591 Stoicae
879 1539 1029 1609 disciplinae
1044 1553 1204 1598 assectatores

11 1608 22 1675 .'
77 1623 135 1674 nale
149 1621 443 1682 arsdiebarrtabinsami
456 1621 576 1685 libidine,
590 1633 616 1672 ut
629 1621 719 1672 molles
736 1631 760 1672 et
781 1621 894 1672 catamiti
919 1617 1113 1689 (κατωμάδιοι,
1140 1642 1203 1693 qrrac

78 1718 105 1758 ert
116 1709 200 1773 origo
213 1705 285 1754 vocis
296 1701 413 1766 Latinae,
425 1700 740 1772 lexicograplsisignata):
754 1699 912 1756 παιδοπῖπαι
926 1702 1201 1772 appellatiabliermia

79 1789 98 1834 ia
112 1783 219 1835 lambis
232 1802 275 1853 ap.
294 1782 388 1834 Acten.
405 1781 491 1834 XIII.
500 1802 526 1853 p.
547 1790 604 1837 563.
618 1783 653 1833 E.
667 1784 707 1834 ubi
720 1785 804 1834 statim
816 1785 867 1854 lpse
886 1783 1046 1846 Athenaeus,
1064 1785 1198 1855 Antigono

77 1867 194 1938 Caystio
209 1878 326 1931 auctore,
337 1866 426 1918 arldit:
445 1866 489 1916 καὶ
503 1867 578 1918 τοῦτο
593 1863 669 1934 μόνον
683 1863 833 1927 ἐζηλωκότες
850 1864 893 1918 τὸν
908 1863 1029 1936 ἀρχηγὸν
1051 1871 1098 1927 τῆς
1112 1869 1200 1938 σοφίας

76 1955 182 2010 Zion-m
199 1952 243 2005 cris
258 1953 384 2016 Φοίνικα,
403 1947 429 2010 te
442 1946 562 2004 οὐδέποτε
574 1948 681 2020 γυναικὶ
699 1949 848 2022 ἐχρήσατο,
865 1947 996 2012 παιδικοῖς
1015 1946 1040 2004 δ’
1059 1951 1107 2004 cisi.
1122 1950 1199 2024 Gens.

79 2037 156 2106 Βίας.
177 2035 267 2088 Lairt.
285 2033 363 2096 VII,
385 2041 426 2086 43.
441 2052 473 2084 ec
491 2036 624 2085 verissima
645 2033 742 2084 emend.
764 2031 908 2103 Schweiglr.
924 2035 1002 2088 αιιὶιιι.
1014 2035 1042 2084 in
1061 2033 1156 2088 Atlren.
1174 2033 1203 2086 Τ

75 2115 142 2170 VII.
157 2137 188 2186 p.
201 2123 245 2168 36.
255 2127 281 2166 et
294 2119 331 2166 sic
345 2113 423 2168 verba
434 2112 550 2166 Herculis
564 2114 633 2166 dicta
646 2127 701 2166 sunt
714 2133 738 2168 ν.
757 2117 799 2165 20.
810 2115 923 2184 grandia
935 2115 1036 2186 pridem
1049 2135 1080 2168 aa
1097 2117 1199 2186 magni-

69 2201 142 2271 fica,
158 2199 272 2269 pacalibus
283 2197 404 2248 Hercules
417 2208 532 2260 utercmr,
541 2209 567 2248 ut
580 2209 704 2266 exponunt
710 2218 721 2260 ,·
733 2197 780 2248 sed
792 2215 847 2248 clun
858 2209 964 2266 aspectu
976 2198 1010 2250 ad
1019 2195 1202 2266 Stoicaspaene

77 2279 205 2353 Cyrneas,
220 2282 261 2352 qui
276 2279 409 2330 Herculem
422 2297 447 2330 se
460 2280 554 2330 imitari
566 2279 681 2330 dicebant
688 2315 699 2342 ,
713 2279 749 2328 ad
761 2281 857 2348 eiusque
866 2297 998 2348 personam
1010 2299 1065 2332 cum
1075 2280 1198 2350 reliquens

75 2364 205 2425 tabitam,
218 2375 269 2414 tum
281 2381 339 2413 vero
357 2363 433 2412 etiam
449 2365 518 2427 vocis
536 2379 623 2413 contem
636 2375 660 2412 ct
670 2359 840 2430 granditatem
860 2362 986 2414 verborum
999 2361 1191 2434 corybrmabant

72 2465 96 2496 ν.
115 2445 230 2514 Monag.
246 2444 279 2495 ad
297 2444 380 2512 Diog.
401 2441 486 2496 Lairt.
516 2441 579 2508 VI,
601 2447 624 2494 2.
650 2443 714 2494 Iicm
729 2443 833 2494 candem
853 2441 975 2494 Hermiae
994 2439 1112 2516 eaprissit
1131 2399 1202 2514 apoll

74 2525 179 2577 Athen.
191 2525 210 2578 l.
221 2547 243 2576 e.
259 2525 373 2578 vocabulo
390 2537 449 2594 apto
463 2537 486 2576 et
505 2523 619 2596 elegante
637 2520 797 2596 cpaprprisiu,
812 2525 900 2594 quique
920 2525 1012 2575 ibidem
1031 2524 1144 2586 Στῶακις
1161 2521 1201 2578 rel
1239 2535 1242 2546 ’

75 2606 191 2665 Στδαιιες
204 2625 251 2676 per
261 2616 423 2667 contemtum,
437 2617 555 2674 tanquam
570 2603 648 2655 Stoici
662 2603 747 2674 pusilli
760 2605 810 2655 sive
821 2601 946 2667 striculi,
958 2604 1086 2666 dicuntur,
1100 2605 1200 2655 casiam

74 2687 229 2758 Grarrgaeus
240 2688 304 2738 hard
315 2687 415 2739 indocte
428 2705 483 2738 cum
497 2687 622 2738 Iuvenalis
643 2685 762 2737 Stoicidis
781 2687 950 2756 comparavit.-
970 2705 1020 2738 nou
1039 2697 1122 2738 tamen
1135 2685 1200 2738 adeo

76 2782 169 2822 certam
181 2783 296 2840 pretam
316 2771 476 2840 scriptruam,
492 2789 554 2840 quae
574 2788 637 2822 neure
658 2768 784 2821 Atbeuaei
797 2771 824 2819 iu
840 2769 910 2820 libris
930 2769 1039 2840 vulgata
1057 2779 1108 2832 est,
1122 2782 1149 2821 ut
1167 2769 1200 2821 dc

77 2854 142 2903 illius
156 2857 303 2922 integritate
314 2851 380 2903 nibil
391 2853 498 2922 amplius
512 2851 677 2924 quaerendum
691 2851 811 2902 rideatur.

111 2935 181 2985 Haec
192 2937 295 2986 omnino
309 2934 478 3003 probabiliora
487 2947 551 2998 stent,
563 2953 638 3005 quam
651 2935 770 2986 sententia
782 2944 807 2986 et
824 2929 917 2996 Creuii,
934 2937 975 3004 qui
986 2934 1014 2984 in
1022 2933 1201 2990 animadverte.

80 3014 165 3085 ptiust
179 3027 202 3067 et
215 3015 275 3068 bist.
294 3013 328 3066 P.
346 3014 431 3067 XIII.
442 3035 470 3086 p.
487 3023 617 3069 mersus
633 3017 724 3068 4—65.
738 3017 821 3066 retulit
834 3015 869 3066 ad
881 3013 1039 3086 collegiuma
1053 3015 1201 3068 Domitiano

83 3099 208 3150 Minervae
222 3099 362 3150 institutum
367 3139 377 3164 ‚
394 3111 416 3149 ct
429 3101 539 3150 onmium
552 3099 642 3170 poitae
655 3105 834 3169 interpretum,-
845 3099 887 3167 qui
901 3117 942 3150 eos
952 3111 1062 3168 spectare
1065 3107 1154 3168 putant
1166 3098 1203 3149 ad

80 3181 238 3251 philosophos
258 3193 318 3234 tunc
338 3187 457 3254 temporis
473 3185 584 3234 viventes
598 3193 671 3252 atque
688 3193 790 3252 propter
807 3199 904 3232 marum
922 3183 1071 3250 pravitatem
1093 3180 1163 3236 Vrbe
1177 3192 1203 3234 et

9 3279 10 3282 ’
81 3263 155 3315 Italia
168 3265 285 3333 expulsos
297 3263 380 3315 edicto
394 3263 537 3316 Domitiani
552 3265 612 3333 (qui
625 3277 708 3315 tamen
721 3266 844 3316 meirisin
863 3261 1067 3334 pbilosophorum
1085 3265 1198 3333 pertina-

82 3350 140 3396 ciam
154 3358 178 3398 et
190 3347 333 3398 libertatem
346 3346 480 3416 loquendi,
494 3365 568 3416 quam
581 3345 764 3415 improbitatem
776 3357 799 3396 et
814 3347 891 3407 uitia,
903 3346 987 3396 odium
1001 3343 1111 3398 babuisse
1122 3359 1145 3397 et
1153 3346 1202 3399 lroc

82 3428 117 3478 illi
126 3429 298 3496 praetendisse
318 3429 450 3480 censendas
467 3441 518 3490 cst,·
540 3429 570 3480 de
591 3447 640 3500 quo
661 3427 713 3478 uid.
734 3425 857 3497 Sulpiciae
875 3425 967 3494 Sat),-
988 3445 1048 3479 nam
1073 3429 1100 3479 in
1119 3429 1202 3480 verbis

9 3509 11 3548 i
80 3515 155 3580 potius
168 3511 318 3572 wnvenire,
333 3529 407 3579 quam
422 3511 457 3562 ad
469 3528 522 3561 rem
535 3509 659 3580 quadrare
670 3509 783 3560 videntur
798 3507 893 3560 similia
900 3549 909 3572 ,
925 3527 987 3580 quae
999 3511 1032 3562 de
1049 3508 1202 3580 pbilosophis

9 3601 10 3606 ’
79 3590 160 3642 atrae
166 3591 339 3660 Quintiliana
352 3594 530 3661 (potissimum
537 3592 563 3640 in
576 3589 696 3642 Prooem.
717 3588 789 3640 libI.
799 3588 860 3640 Inst.
875 3587 922 3642 Or.
929 3588 953 3658 ς.
966 3590 1135 3642 lavacrum
1148 3587 1203 3656 qui·

9 3733 11 3754 ,
81 3673 135 3725 been
148 3673 294 3743 sapientiae
308 3673 486 3742 professorum
500 3670 597 3724 multos
613 3681 639 3723 et
652 3669 759 3722 honesta
770 3673 944 3742 praecepisse,
962 3681 1004 3737 et,
1017 3680 1047 3722 ut
1065 3687 1199 3741 praecepc-

9 3783 11 3788 ·
81 3767 155 3820 nint,
168 3757 251 3810 etiam
267 3756 360 3809 vixisse
374 3754 449 3808 facile
463 3753 654 3821 concesserim,-
667 3753 762 3808 nostris
774 3773 837 3808 vero
856 3755 1016 3824 temporibus
1026 3753 1073 3808 sub
1087 3753 1138 3807 hoc
1154 3770 1201 3804 no·

79 3839 148 3892 tnine
160 3840 278 3893 maxima
292 3839 321 3892 in
338 3838 467 3910 plerisque
481 3837 547 3892 vitia
565 3835 709 3892 latueruntt
724 3857 777 3890 non
796 3837 868 3890 enim
882 3837 978 3890 virtute
1000 3856 1030 3890 ac
1046 3834 1138 3890 studiis
1147 3876 1155 3902 ,
1171 3845 1202 3888 ut

79 3918 236 3976 luber-entur
250 3921 407 3992 philosophi,
425 3919 588 3985 laborabant,
601 3919 645 3973 sed
659 3919 763 3974 vultum
777 3931 803 3974 et
819 3919 952 3974 tristitiem
966 3929 992 3972 et
1006 3917 1201 3972 dissentientem

78 4003 189 4055 necteris
199 4003 319 4055 habiturn
334 4002 449 4072 pessimis
458 4001 574 4054 moribus
582 4000 819 4071 praetendebant),
834 4001 957 4053 Luciaraes
974 3999 1000 4050 in
1015 3998 1130 4070 Cynico,
1147 3997 1198 4050 Tr·-
1259 4047 1263 4058 ,

77 4086 187 4155 mone§.
201 4092 314 4150 tt-stt,
326 4083 457 4157 Nigrum,
470 4086 630 4138 Hermotimo
641 4085 744 4157 aliisque
752 4087 866 4156 dialogis
878 4085 918 4136 bis
927 4079 1201 4148 similibue(Lucianus

79 4172 142 4220 mim
155 4173 290 4240 praecipue
299 4168 453 4240 pbilosophis
466 4180 518 4221 turn
529 4169 663 4221 uirentibus
674 4165 776 4238 infestus
783 4179 836 4219 erat
849 4166 1051 4237 eommquevitia
1062 4165 1127 4216 miro
1136 4181 1196 4234 pas

80 4253 124 4302 eim
136 4252 194 4304 sale
210 4254 378 4326 perfricuit)
349 4249 541 4319 >Gelliusl,
562 4257 587 4304 2.
601 4249 663 4316 ΙΧ,
675 4256 699 4304 2.
719 4249 812 4312 XIII,
828 4255 851 4303 8.
869 4245 1200 4316 (vitieiecundiseinre'ec·

81 4346 185 4399 curant,
206 4333 403 4388 intercutibus'
396 4333 443 4402 ipsi
465 4333 535 4389 vitiis
554 4307 705 4398 medentes)
732 4330 827 4395 XIII,
849 4335 896 4395 23,
917 4329 1050 4383 Martialis
1070 4327 1132 4392 IX,
1157 4333 1200 4382 47.

80 4417 117 4468 al.
129 4423 168 4471 lb.
177 4419 381 4480 inPannicum,
395 4419 487 4485 etalii,
503 4417 665 4488 quoslacobs
685 4417 721 4468 ea
737 4413 843 4468 Antbol.
863 4414 911 4466 Gr.
929 4411 1044 4468 Τ.ΙΡ.
1055 4411 1080 4465 I.
1099 4431 1126 4483 p.
1142 4417 1201 4466 tet.

78 4495 201 4569 Betria.
212 4497 307 4567 rau.
321 4497 446 4568 aman
458 4503 558 4582 mttt.
571 4509 596 4560 ιι
612 4497 736 4564 mera.
749 4495 785 4556 at
800 4495 855 4580 Ep,
866 4491 945 4558 tar
957 4493 995 4560 sd
1007 4491 1083 4554 non
1094 4489 1200 4564 tute.
