3120 5494
314 407 409 523 324
681 433 735 489 uu
770 431 903 493 unasu
942 433 1069 515 vrri,

309 634 434 698 infamia
454 631 662 715 adspergatnr.
684 629 801 692 Verum
823 629 920 702 ratio,
944 649 1003 711 qua
1019 628 1155 691 satiricus
1177 631 1294 708 utitur,
1313 653 1378 696 non
1399 637 1431 696 in

311 755 348 796 eo
368 733 464 815 posita
483 739 545 804 est,
574 737 607 788 ut
633 736 790 809 praecepta
821 725 982 790 tradantur
1013 726 1150 801 virtutis,
1179 747 1280 790 mores
1307 731 1433 792 candidi

309 827 492 900 laudentur,
519 810 669 905 vitaeque’
693 821 831 884 bonatus
862 820 1112 895 commendetur,
1146 844 1253 888 uerum
1279 824 1431 888 diuersam

310 926 394 985 rium
412 919 605 1004 ingreditur,
625 917 705 980 ridet
725 916 901 992 stultitiam,
921 915 1021 998 carpit
1035 917 1304 999 inprobosmores,
1317 919 1431 982 aceler'u

311 1016 460 1101 flagellat,
480 1024 586 1098 atque,
608 1014 792 1076 utbreviter
811 1013 930 1088 dicum,
953 1011 983 1064 τὸ
996 1011 1141 1082 ε’λεγκτικὸν
1163 1015 1288 1076 satirico
1309 1037 1431 1098 propo-

310 1115 401 1175 situm
422 1121 475 1174 eat.
497 1111 542 1172 td
564 1110 643 1171 banc
674 1127 739 1172 rem
770 1130 831 1170 uon
864 1122 1043 1191 argumenta
1064 1112 1211 1186 adhibet,
1244 1121 1277 1172 ut
1311 1132 1431 1172 morum

308 1217 491 1292 praeceptor
509 1207 542 1266 in
563 1205 690 1279 scholis,
712 1214 765 1265 aut
778 1207 969 1286 turpitudine
985 1208 1127 1269 vitiorum
1142 1209 1298 1270 communi
1315 1209 1433 1268 ratione

309 1301 472 1376 describit,
503 1299 557 1360 aed
576 1319 682 1360 omncs
702 1307 782 1360 artes
803 1299 950 1375 adsumit,
981 1301 1092 1383 quibus
1114 1307 1203 1383 potita
1223 1299 1266 1361 uti
1288 1300 1382 1381 possit
1403 1309 1434 1359 et

310 1397 438 1472 debeat,
458 1396 560 1458 omnia
580 1394 644 1456 loca
666 1403 696 1454 et
716 1393 857 1476 regiones
871 1394 955 1476 quasi
977 1395 1125 1470 ridiculi,
1146 1395 1274 1456 invidiae
1294 1402 1324 1458 et
1346 1395 1432 1478 ind-i-

306 1491 461 1576 gnationis
482 1498 710 1573 perscrutatur,
740 1510 833 1571 eaque
861 1489 931 1552 inde
957 1489 1131 1572 depromit,
1165 1489 1269 1572 quibus
1305 1490 1431 1550 lectoris

305 1587 463 1664 animuin,
483 1605 678 1667 quocumque
697 1584 783 1659 uelit,
807 1583 924 1662 flectat,
943 1586 1096 1670 simulque
1116 1595 1214 1648 teneat
1232 1593 1320 1666 atque
1339 1585 1431 1644 dele·

307 1693 381 1745 ctet.
403 1683 510 1765 Neque
531 1701 603 1742 vero
623 1679 662 1742 de
683 1682 824 1742 universo
845 1681 986 1742 vitiorum
1008 1702 1119 1764 genere
1132 1681 1193 1762 agit
1211 1683 1306 1761 poeta,
1325 1678 1379 1740 scd
1393 1691 1427 1740 ut

310 1803 380 1844 cum
396 1779 534 1857 personia
553 1779 657 1838 iuncta
677 1799 740 1839 esse
760 1777 894 1851 soleant,
915 1778 983 1840 luco
1006 1801 1126 1866 quoque
1146 1788 1177 1842 et
1197 1788 1332 1860 tempore
1350 1775 1428 1838 deli·

310 1877 386 1938 uito.
408 1877 557 1937 Personae
577 1883 704 1956 possunt
722 1894 787 1934 ease
807 1873 855 1935 vel
876 1873 978 1946 fictae,
1002 1875 1039 1934 ad
1064 1877 1168 1936 vivum
1192 1883 1294 1934 tamen
1309 1893 1430 1952 expres·

308 1991 381 2048 sae,
402 1971 449 2032 vel
469 1990 574 2044 verae,
595 1967 784 2049 turpitudine
806 1977 896 2030 notae
917 1979 1008 2052 atquc
1035 1970 1179 2051 insignes.
1200 1969 1273 2046 Quo
1293 1967 1324 2028 id
1344 1967 1433 2030 adse-

307 2065 417 2151 quitur
439 2074 534 2148 poeta,
556 2072 589 2125 nt
608 2063 710 2145 paucis
731 2073 847 2124 tantum
865 2063 950 2126 lineis
969 2065 1068 2125 ductis
1082 2065 1265 2127 viridissima
1286 2063 1431 2126 vitiorum

310 2164 602 2244 imagoeorumque
623 2157 781 2240 turpitudo
803 2171 834 2222 et
853 2159 1030 2222 deformitas
1044 2172 1112 2224 ante
1126 2160 1229 2222 oculos
1242 2159 1432 2233 obversetur,

306 2278 406 2340 quum
428 2257 581 2330 bominis,
615 2255 665 2315 cui
687 2274 721 2314 ea
743 2253 866 2330 insunt,
897 2256 1066 2332 sentiendi,
1095 2255 1250 2338 cogitandi
1270 2265 1302 2316 ct
1321 2254 1431 2334 agendi

309 2353 460 2415 rationem
482 2351 564 2414 velut
583 2349 679 2412 oculis
698 2351 900 2434 contemplari
921 2352 1089 2414 videamur.
1110 2356 1226 2416 Omnes
1241 2353 1386 2435 imagines
1399 2364 1430 2414 et

311 2448 543 2524 similitudines,
573 2447 685 2530 quibus
716 2447 831 2521 utitur,
865 2469 882 2509 e
912 2449 972 2509 vita
993 2450 1148 2511 communi
1181 2449 1308 2531 petitae,
1341 2459 1430 2531 aptae

293 2551 401 2628 'atque
419 2542 552 2626 insignes
571 2541 684 2603 debent
704 2527 786 2618 essu,
813 2543 995 2626 omniaque,
1027 2565 1104 2627 quae
1134 2545 1358 2627 proteruntur,
1389 2545 1430 2604 ita

310 2637 508 2721 temperanda
528 2646 618 2710 suut,
643 2645 676 2696 ut
695 2637 745 2716 agi
768 2636 927 2698 videantur
947 2657 1009 2698 nun
1024 2640 1150 2720 narrari.
1172 2639 1278 2713 Ratio,
1301 2660 1362 2721 qun
1382 2659 1431 2700 res

313 2733 438 2795 tractari
461 2733 597 2830 possipt,
618 2731 780 2814 multiplex
811 2742 874 2808 est,
906 2733 1077 2816 partimque
1100 2757 1117 2794 a
1141 2742 1246 2816 potitae
1279 2733 1382 2796 indole
1401 2744 1433 2795 et

310 2835 444 2904 nutura,
466 2830 574 2910 partim
595 2827 634 2888 ab
654 2826 825 2910 argumenti
840 2827 956 2892 ratione
972 2831 1092 2912 pendet.
1113 2831 1242 2912 Semper
1254 2840 1354 2892 autem
1370 2831 1434 2891 iui-

311 2936 384 3008 petn
415 2924 518 3007 aliquo
551 2923 659 2988 ductus
689 2924 827 2986 satiricus
846 2923 944 2985 videri
970 2925 1061 2988 debet
1082 2926 1129 2987 vel
1150 2925 1270 2988 ridendi
1289 2927 1336 2990 vel
1357 2949 1433 2989 ear-

268 3031 270 3037 '
311 3019 427 3102 pendi,
446 3019 696 3102 occasionemque
716 3018 845 3080 oblatam
866 3019 1030 3102 adripuisse
1051 3043 1112 3081 non
1127 3022 1325 3105 quaesivisser
1345 3025 1435 3106 opti-

313 3137 398 3178 mum
434 3115 531 3198 igitur
562 3114 685 3178 dicendi
716 3135 831 3198 genus,
860 3115 1111 3197 quod'adbibere
1132 3118 1245 3202 possit,
1279 3120 1338 3180 boc
1368 3129 1430 3192 est,

313 3208 398 3290 quod
417 3218 524 3291 sponte
544 3217 575 3272 et
594 3229 612 3270 e
634 3229 667 3269 re
687 3217 814 3284 uatum,
835 3208 965 3270 nundin
987 3210 1155 3291 quaesitum
1172 3210 1299 3273 videtur.
1320 3211 1357 3272 ln
1371 3233 1435 3296 quo

312 3303 405 3366 etiam
430 3325 487 3366 nec
508 3301 654 3364 acerbitas
674 3313 766 3365 nocet
786 3323 843 3364 uec
863 3305 1109 3380 acrimonia,'‘si
1131 3326 1178 3368 res
1212 3307 1251 3367 ita
1283 3307 1434 3389 postulat,

313 3399 481 3460 dummodo
502 3397 611 3460 salibus
626 3407 656 3460 et
677 3397 846 3459 urbanitate
860 3400 989 3478 quadum
1008 3408 1176 3482 temperata
1190 3401 1238 3475 sit,
1251 3423 1291 3462 ne
1305 3403 1335 3462 in
1351 3425 1438 3464 ruera

309 3493 447 3555 convicia
468 3513 516 3554 ras
536 3494 631 3555 abeat.
665 3491 698 3554 Si
718 3513 792 3554 vero
811 3493 945 3554 studium
966 3493 1110 3578 adparet,
1140 3497 1239 3558 omnis
1260 3498 1371 3559 satirae
1391 3501 1438 3560 vis

312 3587 539 3670 quodammodo
558 3586 733 3648 debilitatur
753 3597 784 3648 et
804 3588 975 3668 frangitur,
998 3591 1174 3672 praesertim
1187 3591 1219 3652 id
1232 3611 1336 3674 genus,
1351 3595 1438 3677 quod

313 3685 377 3743 risu
396 3691 428 3742 et
448 3681 561 3742 facetiis
582 3681 741 3742 bominum
762 3681 919 3743 stultitiam
941 3686 1084 3766 exagitat.
1116 3687 1168 3748 Est
1185 3685 1308 3768 quidam
1328 3709 1436 3750 rerum

313 3778 410 3849 ordo,
433 3775 485 3859 qui
506 3775 606 3859 primo
627 3775 768 3857 adspectu
789 3777 904 3838 solutus
923 3799 986 3841 esse
1013 3781 1134 3842 ridetur
1154 3803 1189 3842 ac
1212 3779 1307 3855 liber,
1337 3785 1436 3864 qualis

312 3893 375 3934 esse
395 3871 487 3943 solet,
510 3891 605 3952 quum
628 3870 684 3951 ipsi
706 3871 800 3954 quieti
822 3872 1008 3955 imaginandi
1022 3875 1156 3937 facultati
1176 3876 1380 3959 permittimur
1401 3883 1435 3944 in

311 3965 489 4054 latissimum
509 3986 613 4026 rerum
635 3985 797 4046 campum,
831 3987 1026 4051 quacumque
1046 3969 1150 4044 lubet,
1169 3971 1351 4054 exspatiari,
1370 3997 1434 4057 quo

313 4070 386 4121 tunc
406 4061 437 4120 in
458 4061 560 4120 animo
575 4081 633 4121 res,
644 4059 754 4134 rebus,
775 4061 920 4142 imagines
935 4065 1114 4144 imaginibus
1127 4053 1291 4128 subsedere
1302 4067 1433 4145 soleant,

314 4163 405 4234 prout
424 4153 471 4213 vel
490 4151 581 4212 simul
604 4152 723 4215 iunctae
745 4155 882 4228 luerint,
915 4155 961 4218 rel
990 4157 1185 4219 similitudine
1202 4159 1301 4241 aliqua
1326 4181 1431 4244 copu-

315 4249 389 4308 latae
407 4247 478 4308 sint.
510 4250 601 4309 Hunc
621 4247 763 4310 ordinem
785 4248 954 4312 imitabitur
980 4253 1139 4315 satirarum
1168 4256 1319 4339 scriptor,
1338 4279 1431 4318 sum-

315 4362 457 4421 mamque
477 4355 575 4406 artem
596 4345 627 4402 in
647 4345 733 4404 omni
753 4347 825 4405 artis
846 4346 1016 4427 suspicione
1029 4349 1194 4410 amovenda
1213 4350 1390 4412 declarabit.

355 4433 409 4496 llis
427 4435 517 4500 tineis
535 4435 573 4498 de
594 4438 733 4504 uniuerso
754 4457 866 4520 genere
885 4440 1006 4508 satirico
1020 4441 1117 4506 ductis
1137 4443 1173 4506 ud
1194 4453 1332 4510 ausuum
1352 4447 1429 4512 Per·
