3120 5494
346 381 440 476 358
844 405 978 464 rursu

342 620 468 710 Quum
486 609 634 715 trepida
652 620 740 682 ante
755 604 872 684 boves
886 603 1109 680 dictatorem
1125 601 1384 694 induimur,

342 735 393 808 Et
410 750 475 806 tua
494 745 617 804 aratra
636 725 789 804 domum
806 722 919 798 lictor
939 721 1073 798 tulit...
1091 723 1196 822 Euge
1215 727 1340 823 poeta.
1429 755 1464 803 ,ς

395 853 463 926 Est
474 871 603 936 nune,
621 847 756 920 Briseis
775 867 889 944 quem
907 867 1066 918 venosus
1085 837 1183 912 liber
1201 839 1314 925 Acci,

264 959 269 972 ⁸
343 969 459 1056 Sunt,
478 989 574 1068 quos
592 962 851 1072 Pacuviusque
869 973 907 1034 et
926 979 1130 1032 verrucosa
1147 971 1317 1030 moretur

345 1086 526 1188 Antiopa,
548 1085 736 1157 aerumnis
755 1103 823 1154 cor
838 1069 1213 1186 &auspicabilefultm

349 1351 481 1407 dictatoris
510 1366 607 1402 munus
638 1345 804 1412 obeundum
841 1362 882 1398 res
931 1342 1024 1396 dorum
1041 1357 1164 1411 persona,
1185 1337 1253 1394 lilios
1275 1357 1337 1394 suos
1356 1357 1468 1394 mouen-

315 1429 317 1434 ’
348 1446 409 1490 nota
426 1453 457 1488 ex
470 1433 528 1485 Lir.
539 1433 584 1495 111,
602 1434 644 1486 26.
932 1427 1017 1493 tium,
1031 1433 1130 1494 pergat.

383 1523 425 1570 74.
446 1515 544 1585 trepido
570 1525 658 1586 aptum
671 1511 751 1582 epith.
777 1509 883 1581 coniugi
966 1517 1007 1564 76.
1024 1509 1072 1562 Est
1091 1527 1154 1560 narro
1172 1516 1220 1560 eet.
1238 1505 1256 1560 i.
1274 1525 1296 1561 e.
1310 1504 1387 1560 multi
1404 1507 1470 1560 Acci

348 1598 469 1663 sedulae,
493 1596 586 1650 marito
607 1597 635 1648 in
651 1590 784 1648 induenda
807 1604 883 1664 toga,
933 1604 960 1648 et
982 1593 1087 1648 Pacuvii
1106 1591 1293 1660 (antiquorum
1312 1594 1473 1662 pu'e'tarum)

349 1703 429 1755 quam
441 1683 521 1740 domo
535 1681 662 1752 adportari
676 1680 799 1744 iusserat,
813 1677 883 1732 letti·
931 1677 1018 1732 studio
1035 1675 1196 1730 delectantur
1217 1686 1243 1728 et
1255 1685 1387 1741 murator,
1409 1677 1472 1745 qui-

350 1778 443 1822 nantar
459 1784 565 1836 operam
578 1764 691 1818 novanti.
934 1761 982 1816 bus
1004 1760 1027 1814 si
1050 1760 1152 1830 probari
1170 1756 1263 1823 vultis,
1283 1757 1344 1810 istos
1367 1770 1472 1812 veteres

386 1857 427 1904 75.
439 1850 589 1921 rugepo'e'to.
604 1845 706 1902 Plaudit
718 1844 883 1916 paritonium
934 1845 1074 1900 imitemini
1096 1863 1198 1897 necessa
1215 1854 1262 1898 est.
1284 1843 1379 1896 Briseis
1402 1847 1469 1914 Hip·

351 1939 443 2006 podtae
460 1933 620 1986 istaratione
642 1931 770 1986 instituto.
790 1929 886 1999 Opinio
933 1929 1056 2002 podamia
1090 1927 1122 1982 ab
1152 1930 1352 1998 Agamemnone
1378 1927 1473 1981 Acbttti

353 2019 422 2072 enim
443 2028 499 2072 erat
519 2014 598 2086 vulgo
611 2025 724 2084 recepta,
748 2012 887 2082 siomissis
935 2023 1032 2084 erepta.
1054 2015 1131 2066 Hom.
1150 2010 1181 2068 ll.
1198 2011 1227 2076 α’,
1244 2014 1293 2064 489
1317 2029 1386 2082 seqq.
1406 2011 1432 2063 b.
1455 2009 1473 2062 l.

353 2101 475 2156 omnibus
488 2099 663 2171 argumentis,
679 2115 743 2170 quae
764 2099 792 2148 in
811 2113 883 2150 cont·
936 2097 1022 2150 fabula
1044 2096 1105 2150 Acci
1126 2095 1285 2168 intelligitur
1301 2093 1346 2149 illo
1363 2095 1473 2150 nomine

353 2185 428 2238 muni
442 2183 627 2237 consuetudine
642 2190 888 2242 versarentur,om·
935 2181 1065 2251 inscripta.
1095 2201 1194 2236 verrom
1219 2181 1360 2246 deformis,
1391 2199 1472 2250 asper.

355 2269 483 2338 tribusque
500 2267 592 2330 rebus,
609 2277 639 2320 nt
651 2263 787 2336 putabant,
801 2263 887 2318 humi·
936 2269 1035 2322 Auctor
1055 2265 1088 2320 de
1109 2283 1191 2320 causs.
1208 2276 1325 2337 corrupt.
1346 2265 1416 2334 eloq.
1433 2269 1474 2317 2t.

347 2353 421 2422 ,titus
434 2349 547 2404 e'scltola
561 2348 713 2416 eliminatis,
728 2347 889 2421 gravioribus
923 2382 925 2390 π
940 2350 1033 2404 Oratio
1042 2362 1128 2402 ortem
1146 2355 1207 2404 stoa
1219 2371 1307 2421 corpus
1322 2350 1432 2402 bominis
1443 2367 1478 2400 ca

356 2434 465 2488 subinde
485 2434 560 2486 rebus
577 2445 603 2486 et
616 2433 701 2488 arduis
715 2451 822 2486 manum
839 2431 885 2484 ad·
938 2435 1038 2486 deorum
1049 2434 1215 2503 pulclsroest,
1234 2437 1260 2486 io
1279 2453 1328 2503 qao
1343 2451 1396 2486 nou
1408 2435 1476 2484 emi-

348 2518 501 2574 ,movisseut
515 2515 601 2588 pueri,
622 2536 666 2570 eos
679 2520 768 2588 po'e’tas
787 2527 814 2569 et
827 2533 886 2568 ora·
941 2530 998 2570 nent
1011 2537 1103 2582 oenoe,
1123 2536 1168 2570 neo
1181 2536 1237 2571 ossa
1250 2530 1423 2578 immoratum,
1436 2516 1478 2567 sed

357 2613 425 2656 tores
448 2621 555 2675 magnos
574 2619 627 2654 esse
647 2621 778 2656 evasuros.
795 2601 890 2654 Lucam
939 2613 1087 2672 temperatio
1116 2613 1140 2652 et
1165 2601 1241 2652 boum
1275 2603 1386 2670 sangnis
1403 2601 1479 2668 inplet

357 2691 463 2756 itaque,
493 2705 534 2740 rus
560 2700 670 2738 saturum
699 2695 747 2738 cet.
777 2684 891 2756 posuisse
941 2685 1052 2736 membro
1072 2697 1096 2735 et
1113 2689 1224 2754 exsugit
1243 2688 1318 2748 toris,
1339 2685 1479 2754 ipsosque·

357 2763 461 2824 videtur
477 2779 566 2822 noster
583 2787 630 2840 pro
642 2785 799 2837 unoquoque
815 2785 891 2838 argn-
938 2786 986 2835 que
999 2787 1086 2820 nervos
1101 2767 1175 2820 mbos
1191 2769 1255 2838 tegit
1271 2780 1295 2818 et
1311 2767 1387 2818 decor
1405 2785 1476 2818 oom-

357 2864 447 2906 meuto
477 2850 587 2924 simplici
618 2863 644 2906 et
675 2849 791 2923 vulgari,
819 2849 892 2916 cpias
939 2851 1050 2904 orendot.

358 2935 511 3008 dignitatem
523 2947 610 2988 tamen
621 2953 646 2987 v.
659 2941 691 2988 73
706 2953 759 3003 seq.
771 2933 891 2988 ostendit.
974 2941 1014 2988 77.
1032 2940 1073 2989 78.
1088 2935 1211 2990 Puowius
1227 2947 1252 2988 et
1267 2954 1399 2988 vermense
1410 2935 1477 3010 ‘An-

393 3022 500 3071 76-84.
534 3019 575 3070 Es
595 3013 713 3086 pluribus
739 3027 891 3078 auctorum,
939 3021 1008 3088 tiopo
1019 3036 1077 3088 pro:
1091 3037 1226 3072 verrucosa
1238 3018 1350 3087 Antiopa
1363 3018 1481 3086 Pacuuii,

358 3101 486 3172 quicirca
504 3111 619 3155 autnon
638 3099 715 3171 longo
738 3109 796 3171 post
812 3100 893 3152 Persii
941 3121 1067 3154 verrucosa
1094 3121 1153 3171 pro:
1181 3103 1317 3167 tuberosa,
1351 3101 1478 3168 horrida,

360 3196 479 3254 tempora
493 3182 702 3252 vixerant,locis
715 3183 815 3238 abunde
826 3202 893 3236 con·
940 3185 1032 3240 eadem
1050 3186 1151 3238 ratione
1172 3187 1304 3257 positum,
1330 3205 1382 3256 qua
1400 3207 1481 3258 supra

356 3277 424 3330 stat,
443 3261 557 3319 oratores
580 3276 607 3317 et
628 3267 714 3334 politas
730 3263 844 3318 obsoleta
861 3283 892 3316 ex
940 3290 1039 3324 venosa.
1060 3273 1101 3322 Da
1119 3272 1233 3342 Antiopa
1255 3290 1280 3325 v.
1293 3269 1417 3340 Apollod.
1437 3274 1480 3334 lli,

359 3353 468 3404 vetustis
479 3354 614 3421 po'e'tarum
625 3351 781 3404 carminibus
795 3349 873 3404 verba
879 3389 890 3413 ,
942 3360 968 3407 ὅ.
981 3361 1005 3408 5.
1024 3363 1050 3404 et
1078 3353 1113 3406 ibi
1129 3358 1214 3426 [layo.
1228 3355 1256 3406 in
1275 3355 1351 3407 notis.
1372 3368 1483 3408 mor-etra-

361 3435 486 3490 dictiones
499 3447 526 3491 et
543 3433 734 3505 translationes,
749 3435 893 3489 euntnovi·
942 3438 1074 3502 detineat,
1095 3437 1214 3492 delectet.
1237 3442 1327 3492 liorat.
1351 3440 1437 3509 Epist.
1460 3443 1481 3503 1,

310 3565 311 3568 η
360 3521 419 3574 tatis
431 3519 517 3574 studio
525 3530 602 3588 ‚tum
617 3520 649 3574 ad
663 3521 795 3576 doctrinae
808 3529 891 3572 osten-
944 3529 984 3576 ⁴3.
1000 3523 1481 3594 timensmuisoorluottjioobilefida

284 3597 287 3604 ⁴
359 3609 499 3673 tationem,
531 3617 653 3676 captasse.
690 3610 776 3676 Quam
818 3625 888 3668 reru,
934 3606 1007 3680 salto
1026 3607 1058 3662 ad
1081 3611 1219 3678 Antiopam
1241 3609 1393 3662 translatum
1417 3631 1477 3680 pro·

360 3692 461 3745 ratione
478 3688 622 3759 quidemst
636 3689 715 3744 modo
729 3689 889 3766 circrgnscri-
943 3693 999 3764 pria
1015 3693 1048 3747 ad
1065 3711 1110 3746 oor
1127 3695 1245 3764 partinet.
1256 3715 1260 3722 ·
1271 3697 1322 3748 Tot
1339 3711 1481 3748 aerumnae

359 3782 431 3845 ptam
439 3811 449 3836 ,
463 3791 517 3827 non
530 3773 676 3842 inprobavit
683 3774 803 3828 Horatius
815 3774 894 3846 Epist.
944 3795 989 3830 cor
1001 3777 1140 3847 cingebant
1153 3778 1298 3848 Antiopae,
1312 3789 1341 3832 ut
1354 3777 1407 3830 illis
1421 3780 1481 3850 ipsis

361 3862 396 3922 li,
420 3863 445 3912 2.
468 3865 517 3913 tto
543 3877 613 3928 seqq.
634 3858 733 3913 Eodem
755 3859 818 3913 vitio
833 3870 894 3914 tnnc
943 3863 1075 3916 aerumnis
1105 3874 1131 3916 et
1157 3865 1268 3917 miseriis
1294 3882 1340 3916 cor
1364 3864 1478 3927 fultum,

361 3939 513 3996 laborabant
536 3941 636 3996 Graeci.
658 3942 756 3995 Lucina
775 3942 804 3994 in
827 3941 894 3997 rhet.
943 3947 1034 4000 nisum
1058 3958 1085 4000 et
1095 3947 1248 4002 incumbens
1262 3948 1356 4001 babone
1375 3948 1475 4002 videar·

321 4073 323 4076 .
361 4043 447 4095 praec.
468 4029 500 4080 Τ.
523 4028 569 4080 Ill.
589 4047 613 4096 p.
632 4033 670 4080 48.
694 4025 735 4079 ed.
751 4025 819 4080 teia.
840 4033 894 4083 noc
943 4041 993 4084 tur.
1010 4031 1052 4084 Sic
1062 4033 1242 4103 interpretatus
1254 4046 1293 4088 est
1307 4032 1395 4086 locum
1409 4037 1477 4086 Tur·

361 4110 474 4164 nimium
488 4109 814 4180 mtiquitatisstudiumet
833 4114 892 4173 ina·
944 4115 1004 4168 neb.
1029 4115 1149 4180 xxvttt,
1175 4123 1215 4171 ²6.
1252 4117 1397 4187 Equidem,
1426 4137 1477 4188 qno

360 4209 424 4246 nom
448 4195 477 4246 in
495 4193 625 4264 captandis
650 4194 737 4248 verbis
761 4195 852 4264 priscis
868 4205 895 4249 ct
944 4199 1036 4252 melius
1051 4199 1135 4254 locum
1149 4199 1299 4270 expediam,
1319 4219 1373 4254 non
1386 4200 1478 4254 baben.

363 4276 518 4350 dictionibus
545 4277 665 4332 obsoletis
696 4279 894 4334 adfectationem
943 4285 1038 4336 Vtrum
1059 4282 1122 4337 baec
1140 4285 1219 4338 verba
1239 4303 1268 4338 es
1290 4285 1345 4354 ipsa
1363 4288 1479 4354 Antiopa

364 4361 445 4431 carpit
455 4363 546 4418 Noster
560 4364 612 4429 ita,
626 4375 656 4418 ut
667 4383 696 4422 aa
708 4375 810 4434 patrum
824 4365 894 4420 stoli·
944 4369 1008 4442 sint,
1033 4386 1066 4421 an
1093 4367 1186 4422 Noster
1211 4366 1317 4428 Pacuvii
1344 4369 1477 4424 rationem
