3056 5490
553 430 701 490 sertus
739 432 778 490 V.

1132 345 1224 524 iu

109 623 309 704 Abrodens
327 629 378 702 ait
394 624 515 727 haec).
533 628 592 702 An
611 629 717 702 siccis
729 625 898 704 dedecus
917 628 1061 712 obstem
1130 604 1132 608 ⁵

108 747 320 846 ‚Cognatis‘i
338 769 387 818 an
407 770 486 818 reus
506 745 665 848 patriam
684 771 839 819 rumore
859 747 1013 822 sinistro
1128 751 1135 772 '

108 865 243 936 Limen
262 859 309 934 ad
329 861 558 935 obscoenum
578 857 771 964 frangam,
789 861 878 936 dum
899 861 1093 966 Chrysidis
1112 861 1204 938 udas

109 977 247 1053 Ebrius
267 973 471 1052 anteffores
489 982 669 1051 exstincta
687 1003 773 1052 cum
793 975 874 1052 face
892 980 1034 1052 canto?

1184 1017 1232 1070 ⁴66

111 1125 137 1162 α
146 1095 276 1195 Euge,
294 1119 416 1197 puer,
435 1094 576 1194 sapias:
595 1093 652 1168 dis
671 1092 1105 1198 depellentibusiagnam

109 1212 311 1285 Percote.»
336 1208 410 1284 Sed
438 1211 589 1282 censen’
609 1207 795 1313 plorabit,
814 1211 940 1303 Dave,
959 1211 1122 1286 relicta?

111 1355 137 1390 c<
148 1326 181 1398 N
184 1327 326 1426 agaris:
346 1322 461 1414 solea,
480 1351 589 1428 puer,
610 1324 863 1428 obiurgabere
882 1329 1012 1402 rubra.

113 1439 167 1512 Ne
186 1441 380 1545 trepidare
399 1439 510 1530 velis,
530 1449 645 1541 atque
663 1459 785 1516 arctos
805 1441 941 1518 rodere
961 1469 1093 1520 casses.
1187 1484 1235 1532 ⁴70

113 1647 296 1702 stomachantis
315 1655 340 1698 et
367 1645 526 1716 indignantis
547 1644 595 1698 lroc
612 1654 652 1698 est

114 1733 277 1802 minimeque
295 1730 343 1782 sibi
370 1729 502 1800 placentis.
536 1730 651 1793 rendum,

116 1831 197 1884 usque
215 1811 369 1875 advirum,
385 1809 511 1882 intelligo.
546 1812 652 1864 dedecus

116 1899 210 1950 obstem
233 1893 324 1947 lortius
346 1911 425 1966 quam
448 1891 569 1946 dedecori
593 1893 652 1944 sim.

116 1981 203 2042 sienis,
234 1977 345 2043 sobriis,
375 1975 475 2048 perois,
497 1975 650 2046 frugalibus:

118 2063 287 2133 obponuntur
303 2063 374 2115 enim
387 2059 506 2114 madidis.
610 2107 614 2114 .

158 2153 218 2201 ⁴64.
242 2166 294 2198 rem
313 2149 440 2218 patrium,
464 2161 521 2196 rem
541 2142 655 2198 familia·

47 2245 50 2252 ’
118 2249 184 2284 rem.
205 2249 316 2288 ,rumore
328 2233 442 2292 nmero,
461 2231 549 2282 Horat.
566 2231 654 2292 Saul,

121 2321 149 2370 2.
157 2323 187 2370 iit
204 2335 277 2388 seqq.
288 2336 295 2383 ;
307 2335 353 2386 per
365 2314 515 2376 infamiam,
527 2314 656 2384 turpiter,

120 2417 182 2454 cum
200 2398 393 2452 existimationis
406 2415 480 2449 meae
494 2395 640 2466 dispendio.

157 2486 214 2534 ⁴65.
222 2482 311 2534 Limen
323 2482 359 2532 ad
371 2481 513 2532 obsooermm
518 2478 657 2550 fraugm

114 2565 244 2636 frangam
257 2563 359 2617 sortiter
371 2573 397 2617 et
410 2573 484 2635 apte;
497 2561 577 2617 limen
595 2581 654 2614 nse·

123 2651 255 2705 retririum
265 2651 335 2720 quasi
347 2649 520 2720 scopulusest,
531 2648 563 2702 sd
577 2666 657 2719 quem

121 2737 339 2808 patrimoniorum
350 2735 482 2806 naufragia
490 2733 586 2786 saciant
600 2731 658 2784 edo·

97 2821 254 2880 ,lesuentea
286 2821 433 2874 obmoerram
450 2818 482 2870 sb
498 2817 654 2888 indignatio·

121 2923 156 2960 ne
172 2903 342 2960 adolescentis
362 2904 506 2974 profertum
523 2899 555 2954 ad
581 2899 655 2970 puel·

122 2989 177 3040 lam
195 2987 298 3058 proprie
316 2989 429 3060 pertinet
447 2985 562 3057 vulgatae
579 2982 656 3055 pudi-

122 3069 207 3122 eitiae.

156 3159 214 3206 466.
223 3153 283 3204 dum
291 3151 425 3220 Chrysidis
434 3150 498 3202 udas
506 3149 661 3202 Ebriusante

122 3239 193 3309 som
206 3243 329 3290 exstincta
341 3239 465 3309 ewnsuee
478 3247 560 3288 carrio.
594 3235 660 3286 Nota

122 3331 184 3373 sunt
206 3333 351 3372 amatorum
378 3321 496 3372 instituta
521 3326 546 3369 et
567 3334 660 3374 mores.

123 3404 208 3455 Noetu
225 3403 366 3456 veniebant
383 3402 449 3455 ebrii
466 3400 498 3454 sd
516 3399 662 3470 puellarum

124 3485 192 3538 sores
205 3493 378 3538 oomessatum
391 3502 451 3536 cum
464 3482 572 3547 facibus,
587 3501 662 3535 carre-

126 3570 188 3625 bans
199 3569 328 3642 elegidia,
341 3569 479 3640 cupiebant
495 3568 616 3631 admitti,
637 3577 663 3620 et

126 3653 222 3708 exclusi
250 3655 319 3707 vises
341 3672 397 3706 suas
415 3652 508 3705 misere
526 3659 663 3723 querentes

126 3740 245 3794 dolorem
259 3759 335 3794 suum
349 3739 423 3792 omni
436 3741 536 3792 ratione
554 3737 659 3807 profite-

126 3827 229 3881 bsutur.
263 3827 327 3880 udus
344 3825 388 3878 alii
408 3824 440 3877 de
464 3823 606 3876 amantium
624 3824 662 3876 la·

127 3911 225 3964 eruaris
242 3912 458 3979 interpretantur,
474 3907 501 3960 id
513 3906 580 3975 quod
598 3905 662 3960 alie-

700 2289 703 2296 ι

702 1645 789 1698 Ιοοιιιῐι
806 1656 955 1700 oonreetum
982 1647 1040 1700 vult
1064 1649 1183 1704 Heinsius
1203 1649 1236 1708 sil

702 1729 854 1784 OvidFast.
862 1731 951 1795 Vuis
959 1749 1029 1800 seq,
1041 1750 1135 1784 verum
1147 1751 1237 1786 emen·

703 1811 806 1866 dabone
825 1832 877 1866 non
895 1826 931 1866 est
945 1834 1017 1884 opus.
1040 1819 1237 1889 exstinctosque.

702 1895 770 1950 faces
784 1896 854 1972 eu'qs
872 1898 1087 1968 extinguebantur
1099 1911 1125 1954 et
1138 1902 1238 1956 abiicie-

703 1978 799 2034 bantur
814 1992 874 2032 ante
892 1981 967 2034 sores.
981 1983 1098 2052 Propert.
1116 1982 1133 2035 l.
1147 2003 1172 2038 c.
1221 1980 1224 1988 ’

739 2069 797 2116 467.
820 2064 912 2133 Euge,
932 2083 1008 2134 puer,
1029 2071 1120 2136 sapias.
1155 2066 1239 2120 verbs

704 2147 772 2200 Davi
788 2157 858 2211 sunt,
882 2148 939 2200 beri
956 2148 1096 2202 eonsilium
1114 2151 1241 2205 laudantis

706 2237 733 2280 et
762 2231 943 2282 confirmantis.
977 2249 1061 2299 puer.-
1090 2231 1156 2285 nihil
1182 2245 1239 2296 est,

706 2310 774 2379 quod
793 2330 839 2364 nos
855 2312 984 2378 obfendat,
995 2332 1077 2385 quum
1092 2315 1242 2386 frequenter

706 2405 846 2464 usurpetur
861 2395 923 2448 haee
941 2395 1077 2465 adpellatio
1094 2399 1127 2451 sb
1148 2399 1238 2452 admo·

707 2477 835 2532 neutibus.
867 2482 965 2549 sapias,
978 2479 1000 2532 si
1017 2479 1114 2551 sapias,
1129 2484 1179 2536 diis
1196 2487 1241 2537 de-

707 2560 867 2631 pellentibus,
898 2566 1062 2626 averruncis,
1082 2563 1242 2630 ἀλεξικάκοις

708 2644 753 2698 aui
766 2644 960 2714 ἀποτροπαίοις,
973 2649 1017 2715 qui
1024 2647 1139 2720 prodigia
1147 2660 1173 2702 et
1182 2669 1241 2721 por-

708 2735 779 2778 tenta
804 2727 1018 2782 averruncsbsnt.
1046 2732 1158 2784 Sensum
1187 2736 1244 2788 Diis

708 2812 855 2864 averruncis
870 2830 939 2882 spera
954 2813 1037 2866 faeere
1054 2813 1148 2881 debes,
1160 2817 1183 2870 si
1199 2837 1241 2870 sa·

709 2895 774 2965 pias,
788 2913 803 2946 a
816 2904 887 2948 tanto
903 2895 972 2948 malo
989 2895 1118 2952 liberatus.

745 2983 803 3031 468.
821 2977 943 3044 Perenne,
962 2980 1071 3033 verbum
1088 2980 1195 3034 solenne
1211 2979 1245 3035 de

709 3060 797 3131 Popa,
810 3063 857 3134 qni
874 3061 981 3114 feriebat
996 3061 1107 3118 hostiam
1115 3103 1125 3129 ,
1143 3084 1191 3136 pro
1204 3083 1243 3118 ss-

710 3143 804 3196 crifica.
839 3142 892 3195 Sed
908 3147 1004 3197 censen'
1019 3147 1141 3215 plorabit,
1155 3147 1226 3200 Dave
1233 3187 1243 3212 ,

710 3227 808 3280 relicta.
841 3226 943 3279 Omissa
956 3229 1009 3281 iam
1025 3228 1202 3300 indignatione
1220 3241 1247 3284 et

712 3313 750 3362 ira
762 3319 834 3362 vetus
848 3328 921 3361 amor
938 3313 964 3362 in
989 3311 1103 3382 puellam
1127 3314 1247 3385 pristinas

712 3405 844 3466 recuperat
859 3397 933 3461 vires,
947 3397 1107 3467 iuvenisque,
1118 3417 1152 3452 ne
1166 3402 1246 3456 animi

713 3480 912 3534 inconstantiam
924 3478 1109 3554 levitatemque
1121 3484 1248 3552 ostendat,

713 3561 890 3616 misericordia
908 3575 1010 3616 motum
1027 3583 1053 3616 se
1064 3564 1168 3620 similat.

750 3651 805 3699 469.
817 3644 941 3716 Nugaris.
956 3647 1024 3700 Davi
1039 3648 1125 3704 verba.
1139 3650 1247 3721 ineptis,

714 3747 795 3800 quum
813 3728 878 3784 dieis
895 3739 937 3782 aut
954 3741 1044 3801 putas,
1063 3729 1176 3802 puellam
1194 3741 1249 3786 ate

714 3811 833 3864 relictam
858 3831 913 3864 esse
943 3811 1119 3883 ploraturam,-
1150 3815 1249 3879 immo,

716 3908 807 3968 sponte
821 3917 904 3970 qnam
915 3897 1040 3966 redieris,
1054 3898 1150 3952 redibis
1168 3902 1251 3964 enirn,

128 3992 250 4056 num,sb
268 3989 327 4046 h.l.
343 3990 463 4060 quidem,
488 3987 602 4057 videtum
623 3988 667 4040 atii
717 3981 830 4052 indignis
843 3979 928 4034 modis
945 3981 977 4034 ab
996 3981 1042 4034 illa
1066 3990 1092 4034 et
1117 3983 1251 4054 transfuga

129 4077 222 4131 dieunt
250 4077 312 4130 udas
339 4094 393 4128 esse
415 4077 507 4147 fines,
535 4073 603 4142 quod
631 4073 664 4126 ab
714 4065 860 4136 adcipieris.
891 4066 959 4118 solea
978 4063 1050 4118 rubra
1068 4067 1249 4136 obiurgabere,

129 4160 209 4214 ebriis
228 4169 255 4212 et
282 4159 429 4212 libidinosis
449 4157 665 4230 frequententur,
716 4150 734 4202 ἰ.
743 4167 766 4202 e.
776 4148 906 4219 vapulabis
918 4149 985 4204 solea
998 4151 1093 4216 rubra,
1110 4167 1194 4220 poena
1207 4149 1253 4203 ills

130 4245 200 4314 quod
216 4261 278 4306 vero
293 4244 399 4313 propius
416 4240 525 4304 adcediu
543 4239 665 4311 equidem
718 4243 773 4285 erat
786 4232 926 4296 solemnis,
941 4251 989 4302 qus
1003 4242 1145 4286 amantesa
1159 4231 1253 4305 puellis

130 4329 259 4392 existimo,
274 4327 337 4379 udas
352 4325 494 4397 significare
507 4324 533 4376 h.
543 4323 560 4377 l.
576 4337 668 4389 mesos,
719 4317 789 4370 italis
801 4317 994 4371 udficielutntur.

130 4413 233 4468 burres.
249 4412 293 4480 lV,
306 4417 369 4466 sui
386 4427 456 4480 seqq.
469 4417 495 4462 et
513 4409 549 4464 sic
567 4425 670 4479 ipsoque
758 4407 815 4458 uo.
831 4402 972 4472 Trepidiue
981 4420 1055 4474 saepe
1068 4421 1125 4475 pro:
1136 4401 1252 4460 laborare
