3108 5494
324 368 391 480 44
746 379 993 456 tranacta

320 585 467 674 11444444
487 581 704 698 simplicitas
725 577 944 674 miserabilis
954 609 966 679 t
985 582 1042 672 hit
1061 576 1171 672 furer
1190 577 1290 693 ipte,
1364 633 1366 640 ‹

323 711 396 790 Dnt
412 710 559 792 veniam
569 738 579 802 ;
599 705 666 798 ted
682 707 851 814 peiores,
868 703 936 810 qui
955 699 1043 780 talia
1063 699 1187 792 verbis

322 829 496 918 Herculis
517 827 726 922 invadunt.
743 845 781 904 et
799 823 847 904 de
867 828 1007 910 virtute
1026 818 1180 926 loquuti
1207 847 1210 854 ·
1415 824 1463 878 ²⁰

321 947 483 1024 Clunem
501 948 655 1050 agitant.
683 947 765 1047 Ego
785 961 822 1023 te
840 958 1057 1031 cevent-em,
1073 940 1210 1033 Sexte,
1231 937 1436 1028 verebor?

321 1065 474 1143 Infamia
493 1061 659 1148 Varillus
678 1065 742 1140 ait.
768 1064 852 1157 Quo
874 1059 1043 1139 deterior
1059 1060 1126 1137 te?

322 1181 550 1286 Loripedem
572 1197 696 1259 rectus
716 1179 910 1269 derideat,
928 1177 1151 1282 Aethiopem
1169 1173 1289 1257 albus.

323 1301 415 1394 Quis
433 1299 565 1374 tulerit
583 1297 774 1406 Gracchos
792 1296 840 1374 de
861 1294 1046 1378 seditione
1066 1294 1302 1398 querentes?

323 1421 416 1514 Quis
437 1415 587 1497 coelum
613 1421 823 1497 terrianon
840 1409 1320 1501 misceacecmarecnalo,
1416 1411 1457 1462 ²⁵
1513 1419 1516 1422 ’

323 1537 362 1610 Si
379 1535 443 1610 fur
462 1533 660 1640 displiceat
676 1537 812 1626 Verri,
830 1531 1020 1612 homioida
1037 1530 1197 1624 Miloni,

323 1653 477 1729 Clodius
495 1671 646 1730 accuset
666 1653 867 1744 moechm,
887 1649 1046 1728 Catilina
1063 1650 1299 1754 Cethegum?

323 1772 369 1844 In
388 1767 553 1852 tabulam
573 1769 702 1849 Sullae
723 1773 754 1846 si
771 1769 900 1850 dicant
918 1767 1094 1873 discipuli
1116 1769 1220 1846 tres?

324 1888 454 1984 Qualis
475 1907 556 1962 erat
575 1916 702 1995 nuper
720 1891 865 1991 tragico
885 1886 1054 1994 pollutus
1075 1883 1225 1961 adulter

324 2005 562 2098 Concubitu,
581 2010 647 2108 qui
667 2025 760 2080 tunc
780 2005 882 2108 leges
900 2005 1105 2082 revocabat
1123 2027 1265 2078 amaras
1416 1997 1452 2053 ³⁰

264 2107 268 2119 ¹
324 2125 507 2200 Omnibus
528 2141 643 2228 atque
663 2127 751 2229 ipsis
769 2127 913 2200 Veneri
930 2125 1121 2228 Martique
1139 2115 1342 2208 timendas,

324 2325 370 2400 qui
393 2345 436 2382 sue
461 2329 523 2382 vitia
549 2345 603 2383 noo
620 2325 713 2382 callide
736 2324 865 2381 occultare
914 2335 945 2380 44
960 2325 1055 2396 panim
1072 2326 1100 2378 in
1114 2322 1215 2388 numia,
1228 2321 1297 2376 unde
1309 2318 1377 2376 14444
1388 2321 1452 2378 4441-

324 2409 425 2478 444444,
451 2419 477 2462 44
503 2419 574 2462 certe
603 2409 652 2462 hoc
676 2407 784 2465 nornine
809 2428 864 2463 non
893 2419 1020 2480 „plurem
1047 2407 1169 2480 probabat
1191 2407 1223 2462 N.
1246 2406 1334 2463 Heius.
1353 2405 1384 2460 441
1402 2405 1455 2460 Sil.

325 2492 468 2566 culpandus
493 2505 549 2558 est,
578 2490 648 2562 qood
675 2502 701 2544 44
724 2502 811 2563 peccat
839 2501 865 2546 44
915 2499 941 2558 4,
965 2499 1023 2548 495.
1050 2492 1199 2564 41414ρί44444
1219 2509 1268 2546 utu
1294 2500 1405 2564 recepte.
1419 2519 1455 2534 ·-

325 2574 447 2630 1444444444
464 2577 544 2632 simul
562 2575 652 2630 saliere
668 2575 767 2646 studet5
785 2575 865 2630 4414444
916 2565 1042 2649 loquente
1058 2596 1106 2648 pro
1121 2589 1247 2650 querentes
1264 2581 1304 2629 45.

326 2660 463 2714 hominem
488 2663 541 2714 iere
565 2671 628 2734 puto
651 2680 705 2730 non
732 2661 760 2714 io
791 2660 866 2732 culpe
950 2667 992 2715 26.
1007 2664 1067 2716 Poet
1082 2659 1159 2716 Verri
1181 2661 1304 2714 inseritur
1322 2665 1344 2716 ri
1364 2659 1391 2716 444
1410 2663 1455 2712 45.
1503 2656 1510 2669 “

326 2763 399 2809 esse,
416 2748 462 2798 sed
484 2747 569 2816 potius
591 2745 687 2810 satum,
710 2745 779 2818 qnod
805 2763 866 2798 44444
917 2754 965 2798 444
981 2743 1123 2798 ibuscodd.
1140 2745 1220 2798 Paris.
1242 2759 1284 2796 ant
1306 2746 1333 2797 in
1353 2752 1393 2800 43.
1411 2749 1454 2810 66.

325 2829 369 2882 vel
381 2827 493 2882 invitum
507 2826 538 2880 nd
551 2825 708 2897 peccandum
723 2826 843 2898 impellit.
849 2865 866 2894 ,‚
917 2764 988 2898 atquh
1000 2831 1028 2882 in
1040 2835 1080 2881 68.
1098 2831 1139 2882 70.
1153 2827 1206 2882 Sed
1226 2848 1250 2882 v.
1264 2828 1295 2882 ed
1312 2835 1337 2897 i,
1349 2835 1406 2882 454.

326 2910 433 2975 Quaerit
447 2909 549 2980 itaque,
564 2907 626 2980 quid
639 2907 667 2960 in
682 2908 722 2960 hie
735 2911 782 2973 eit,
795 2909 866 2978 quod
952 2917 993 2964 27.
1012 2909 1129 2964 Claudios
1145 2920 1185 2964 44.
1203 2917 1235 2966 43
1249 2929 1263 2962 4
1281 2929 1318 2966 m.
1337 2929 1387 2964 nec.
1411 2918 1456 2966 45.

326 2991 383 3044 iure
396 2993 476 3062 possit
493 2992 650 3062 vituperari?
669 2991 741 3046 Nihil
761 3012 821 3047 eane
839 2997 867 3051 io
919 2999 948 3046 24
972 3013 985 3045 4
1006 3012 1041 3046 m.
1066 3012 1116 3048 444.
1141 2997 1182 3048 22.
1207 2999 1250 3052 46.
1271 3012 1326 3048 non
1342 2992 1458 3062 improb.

227 3087 232 3094 '
327 3078 381 3149 ipae
398 3076 596 3142 sententiaro!
615 3097 668 3130 non
684 3077 750 3130 nibil
765 3081 790 3131 in
806 3099 863 3134 ora·
919 3079 1046 3132 Schurell.
1068 3081 1129 3151 quia
1154 3078 1213 3132 44144
1232 3091 1319 3136 narret
1346 3081 1458 3139 Sueten.

327 3163 399 3214 tione
424 3165 532 3234 potitae,
552 3161 597 3232 qui
612 3164 716 3214 4444444
732 3166 867 3234 expressit,
918 3163 969 3216 Sed
995 3163 1124 3215 semotum
1149 3165 1234 3222 notari
1259 3163 1295 3217 P.
1321 3161 1458 3228 Clodium,

328 3256 354 3300 et
372 3247 500 3298 bominem
508 3247 578 3317 satis
594 3249 713 3317 imputari
730 3246 868 3302 1444444444
918 3247 961 3302 vix
972 3256 1010 3300 444
1020 3246 1088 3316 quod
1101 3247 1256 3302 dubitemus.
1266 3247 1354 3302 Clodii
1367 3255 1458 3302 autem

329 3331 404 3386 dixit.
918 3351 949 3384 44
964 3329 1053 3382 eadem
1072 3339 1147 3400 gente
1166 3328 1272 3384 Claudia
1285 3329 1460 3384 tuerat’risei

259 3452 260 3456 =
364 3421 404 3470 48.
420 3421 453 3470 444
455 3419 536 3488 saror
550 3421 589 3468 22.
607 3411 715 3487 rt'suror
729 3420 770 3472 25.
919 3414 989 3468 enim
1001 3415 1110 3468 Rotnani
1127 3434 1160 3466 44
1173 3414 1326 3488 plerumque
1340 3433 1459 3486 pronun·

362 3505 405 3552 24.
421 3513 546 3554 caventem
561 3511 585 3550 44
603 3505 644 3552 24.
662 3505 704 3552 22.
919 3500 1017 3552 4444444
1043 3518 1075 3567 ⁰3
1104 3499 1173 3550 unde
1198 3499 1303 3554 nomina
1320 3499 1364 3554 illa
1388 3497 1458 3552 nibil

364 3590 408 3639 22.
426 3585 454 3640 V
456 3587 538 3638 iriiios
557 3592 597 3638 43.
617 3585 647 3640 V
647 3587 724 3638 444144
746 3591 787 3640 73.
810 3585 842 3644 V
838 3604 866 3640 e·
919 3583 1043 3638 differunt
1056 3595 1082 3640 44
1094 3603 1166 3656 nepe
1179 3595 1367 3658 permutentur.
1379 3584 1459 3641 Cons-

331 3667 403 3722 4411444
416 3678 442 3721 44
461 3669 573 3720 Barium
589 3668 621 3720 al.
918 3667 950 3720 4441
960 3688 985 3722 v.
999 3676 1039 3724 36.

364 3757 408 3807 24.
426 3763 486 3806 ante
505 3772 532 3806 v.
547 3758 591 3806 23.
606 3752 700 3826 legitur
721 3753 749 3808 in
769 3745 812 3808 49,ι
825 3763 866 3806 at·
954 3758 996 3806 29.
1010 3757 1109 3824 tragico
1122 3772 1256 3826 nuper-pro
1268 3774 1345 3826 nuper
1356 3759 1458 3827 tragico

331 3856 383 3908 que
410 3836 512 3890 duobus
543 3835 616 3890 codd.
640 3837 718 3892 Puris.
741 3849 767 3892 44
793 3837 868 3907 plene
919 3835 1007 3919 recipi
1024 3859 1056 3894 ex
1086 3848 1125 3898 40.
1148 3848 1188 3898 46.
1211 3849 1252 3898 47.
1275 3847 1382 3898 49-22.
1410 3847 1456 3897 26.

330 3921 425 3976 excidit
438 3943 468 3975 ex
484 3929 524 3976 47.
538 3927 578 3974 20.
589 3932 615 3976 44
627 3921 783 3994 quibusdem
792 3923 869 3976 MSS.
920 3934 961 3980 74.

331 4007 411 4060 Paris.
425 4008 550 4080 quoniam
568 4025 678 4077 sequens
695 4027 784 4062 versus
798 4007 869 4060 idern
954 4015 994 4065 30.
1011 4024 1138 4066 noceant
1153 4020 1191 4066 46.
1208 4025 1336 4066 revocarat
1354 4017 1396 4069 40.
1414 4019 1455 4078 44.

310 4124 315 4130 -
331 4091 489 4162 principium
497 4089 573 4144 habet
583 4091 653 4163 qnod
665 4090 761 4147 mittier
771 4092 866 4146 sactum
922 4103 962 4148 44.
980 4102 1019 4150 45.
1037 4103 1077 4150 47.
1093 4104 1132 4154 49.
1148 4101 1191 4151 20.
1207 4103 1318 4154 22-26.
1333 4104 1374 4153 27.
1388 4104 1454 4154 46-,-

333 4174 427 4228 4144444
448 4179 568 4228 Burman.
592 4175 624 4230 od
642 4179 738 4232 Lucan.
759 4181 784 4242 9,
807 4181 867 4230 907.
921 4187 961 4236 50.
980 4187 1090 4237 64-69,
1104 4186 1213 4238 74-74,
1228 4195 1255 4238 et
1271 4181 1451 4256 Xxlvgcodd.

331 4257 443 4312 Darvill.
466 4258 498 4312 ad
525 4258 623 4312 Charit.
652 4266 678 4323 6,
705 4266 731 4313 4.
754 4278 780 4330 p.
809 4266 867 4314 552.
919 4265 989 4321 Paris
1000 4264 1069 4320 unde
1083 4267 1181 4338 recepit
1196 4265 1261 4325 Acir.

332 4343 457 4398 Drek.ad
484 4346 541 4400 Liv.
568 4349 592 4410 9,
625 4352 665 4400 44.
690 4355 716 4398 44
742 4344 868 4400 Schrader
954 4357 996 4404 34.
1014 4352 1143 4418 4444434
1167 4369 1203 4416 ιη,
1226 4369 1275 4415 κο,
1303 4357 1347 4418 63,
1369 4349 1453 4416 Marti

333 4427 408 4489 0444
421 4449 447 4512 p.
462 4432 635 4496 7.-Grarcs
647 4435 691 4496 22.
706 4433 815 4498 Graeca
826 4438 868 4500 44.
921 4433 1061 4514 Venerique
1071 4439 1118 4502 44..
