3046 5498
322 363 374 486 it.
450 333 455 341 ⁸
639 403 712 518 ce.
747 403 883 486 etex..
913 405 1109 478 tranunt

321 603 453 708 ditum
473 617 514 695 et
534 604 676 696 indicit
700 613 845 722 copiosi
863 611 1187 718 concinnatione)
1203 611 1377 696 obtundi-
1387 615 1471 698 ob·

321 755 512 840 scutaque
540 759 659 842 opera
685 749 726 810 et
752 735 908 838 argutiis
928 734 1168 840 superiorum
1195 735 1471 841 interpretum

321 847 543 946 ebremari,
563 869 625 946 et,
644 849 736 931 dum
755 853 797 928 in
824 850 986 930 aliorum
1006 879 1120 966 seusu
1149 852 1321 932 acuendo
1340 851 1471 934 desu-

320 963 406 1060 dat,
425 971 630 1076 proprium
647 995 798 1048 sentum
814 967 928 1048 obrui
954 985 994 1046 et
1012 968 1185 1048 hebetari
1210 997 1365 1050 necesse
1387 989 1470 1054 eet·

319 1081 423 1166 Dum
439 1081 613 1194 undique
633 1100 766 1164 ettam
785 1083 835 1162 ed
850 1083 1001 1190 cingulo
1019 1085 1150 1179 verba,
1163 1085 1304 1192 quibus
1322 1085 1469 1194 alique

320 1197 523 1288 difficultas
532 1261 546 1299 ,
565 1201 791 1284 eduliorum
809 1203 967 1310 quidem
982 1201 1293 1311 intelligentiam,
1310 1204 1464 1286 adhae-

253 1345 257 1354 ·
321 1343 473 1402 mttere
485 1319 588 1402 forte
604 1326 735 1432 possin
745 1349 862 1430 qnam
875 1320 924 1398 ad
942 1324 1157 1416 innumera,
1174 1323 1223 1400 ab
1234 1321 1317 1402 eliis
1333 1349 1467 1431 prave

322 1451 498 1544 accepta,
514 1437 612 1520 mele
629 1443 797 1548 exposita
817 1457 883 1518 aut
900 1441 941 1518 in
962 1440 1140 1520 tenebrae
1165 1438 1360 1536 involuta,
1381 1443 1465 1520 cir·

324 1555 598 1638 confortaret
628 1557 842 1640 intenditur
874 1561 1040 1651 animus,
1070 1557 1240 1664 dumque
1268 1562 1310 1636 in
1330 1559 1465 1642 verbio

324 1673 522 1758 wmmode
540 1675 774 1788 explicandis
792 1676 936 1757 defixus
955 1695 1032 1770 eat,
1046 1675 1166 1754 multa
1183 1676 1378 1756 interdum
1392 1705 1464 1758 oc·

322 1811 490 1878 currunt
508 1796 631 1878 minus
645 1821 785 1876 cumre
802 1799 1024 1886 coniuncta,
1041 1793 1258 1900 exciditque
1274 1794 1328 1887 id,
1347 1795 1464 1901 quod

322 1911 374 1993 ed
392 1911 502 1995 illum
519 1913 648 2000 locum
661 1913 709 1992 ab
718 1915 829 1992 initio
846 1911 1121 2018 quaerebatur3
1142 1937 1214 1992 nec
1235 1940 1324 1992 raro
1338 1915 1392 2008 fit,
1410 1934 1464 1996 nt

322 2033 463 2116 sentim
480 2031 695 2137 sensimque
711 2028 759 2109 ed
770 2029 870 2117 'olias
885 2056 1014 2110 rerum
1027 2031 1204 2110 notiones
1215 2047 1255 2108 ct
1273 2031 1459 2138 imagines

319 2147 514 2241 ‚deleberis
524 2165 562 2228 ct
571 2147 724 2228 tandem
733 2148 939 2252 subiungas
947 2149 1315 2258 interpretationem,
1323 2177 1457 2252 quam,

322 2269 355 2348 ai
372 2271 415 2351 iu
436 2265 511 2348 elio
531 2265 853 2376 deprehenderis,
873 2263 1068 2371 quomodo
1087 2268 1123 2344 ei
1150 2268 1191 2344 io
1208 2284 1373 2346 mentem
1390 2295 1456 2348 ve·

324 2387 446 2478 norit,
467 2385 618 2490 eccequi
634 2385 698 2465 vix
715 2385 846 2490 possis.
876 2385 982 2479 Quae
1001 2385 1128 2460 omnia
1142 2408 1379 2462 communem
1393 2389 1455 2464 in·

321 2521 541 2614 terpretnm
557 2501 816 2584 conditionem
835 2501 945 2578 nimis
971 2498 1109 2578 duram
1128 2519 1167 2578 et
1184 2503 1354 2606 iniquam
1373 2529 1456 2580 esee

324 2619 484 2712 docent,
516 2647 632 2727 quom
651 2623 754 2698 utin
785 2645 832 2696 eo
851 2645 991 2724 genere
1011 2617 1206 2724 perfectae
1239 2620 1384 2726 aliquid
1414 2639 1456 2698 et

324 2737 522 2820 absolutae
541 2763 682 2844 operte
700 2738 914 2844 exspectari
931 2740 1060 2844 possit.
1075 2769 1102 2809 η
1234 2789 1237 2800 .

375 2856 485 2938 Hane
512 2881 605 2934 vero
625 2859 880 2962 interpretum
899 2853 1158 2932 conditionem
1186 2848 1308 2932 multo
1327 2853 1455 2932 durio·

325 3001 409 3056 rom
426 2972 555 3054 reddit
573 2990 613 3051 et
629 2975 861 3079 iniquiorem
874 2969 1023 3048 indoles
1042 2974 1122 3048 aevi
1145 2974 1456 3079 nostri‚quonon

325 3095 438 3200 pauet
472 3099 628 3186 corum',
665 3093 735 3198 qni
772 3093 1023 3168 humanitatis
1050 3088 1284 3194 profitentur
1311 3094 1455 3187 studia,

319 3237 555 3318 quamquam
566 3214 694 3288 mitem
705 3209 867 3294 Gesneri
880 3209 1102 3314 sapientiam
1112 3209 1218 3288 iustis
1229 3210 1453 3316 praedicent

322 3327 515 3422 laudibus,
531 3327 727 3408 Klotzinm
744 3345 871 3402 tamen
890 3325 1110 3430 arrogantie
1130 3343 1170 3402 et
1182 3329 1456 3406 inhumanitate

324 3462 531 3553 ruperant,
557 3463 596 3523 et
622 3471 673 3522 ne
699 3443 889 3522 tironibus
921 3441 1082 3546 quidem·
1106 3441 1184 3520 uile
1217 3443 1352 3550 religio
1377 3463 1454 3540 est,

322 3589 488 3644 nummos
520 3588 678 3670 quoque
708 3563 808 3640 viros
818 3617 832 3654 ,
862 3551 907 3634 ὧν
936 3556 996 3638 οὐκ
1023 3557 1102 3636 εἰσὶν
1123 3555 1227 3636 iamai
1254 3564 1348 3638 λῦσαι
1381 3561 1454 3652 τοὺς

325 3681 465 3784 ipn'rme
491 3689 555 3758 ror
566 3677 788 3780 ὑποδημάτων
808 3691 848 3754 et
865 3701 1031 3782 quorum
1048 3675 1245 3768 doctrina,
1262 3678 1453 3784 ingenium

324 3823 373 3878 rc
390 3797 525 3880 merito
541 3822 624 3876 non
639 3797 764 3877 minue
783 3823 805 3873 a
825 3821 886 3872 me
905 3795 1165 3900 suspiciuntur
1183 3821 1298 3900 quam
1318 3797 1366 3874 ab
1382 3823 1453 3874 om·

320 3917 460 4012 nibus,
475 3919 545 4026 qni
562 3943 609 3994 er
634 3919 709 3996 rite
727 3915 924 3992 aestimare
945 3913 1090 4006 sciunt,
1117 3916 1332 4020 asperrimis
1349 3915 1453 3992 dictis

326 4033 512 4113 incarrere
529 4029 686 4138 altoque
696 4029 894 4136 despicere
905 4027 1124 4138 supercilio.
1150 4031 1454 4108 Itaenimnostro

322 4149 505 4246 noculo,
524 4151 633 4257 quod
652 4149 702 4228 de
721 4150 956 4226 humanitate
970 4175 1013 4224 ac
1032 4145 1120 4224 luce
1138 4145 1336 4226 literarum
1349 4152 1455 4226 toties

197 4341 201 4348 .
329 4270 702 4381 gloriatur-,remmus
716 4269 963 4346 adrumetum
969 4265 1183 4374 fortunae:
1193 4313 1244 4332 -··
1257 4271 1457 4348 (laedentur

319 4407 365 4480 1
380 4392 539 4474 totidem
549 4391 679 4497 plagis
690 4389 1121 4478 maimonem!
1140 4389 1312 4498 Aequam
1328 4387 1455 4476 saltam
