3098 5498
29 4243 33 4248 ¹
127 4257 231 4311 Brattia
251 4256 391 4325 praestada!
415 4254 493 4306 calidi
511 4254 556 4304 uhi
573 4254 664 4324 fascia

559 415 710 474 ssrrtrs
747 415 809 473 tx.
1151 387 1204 480 16
1219 423 1231 486 ι

117 615 284 705 Ravola,
306 596 398 688 dum
417 611 618 718 Rhodopes
639 613 714 688 uda
730 617 819 691 terit
834 615 990 719 inguina
1009 617 1158 694 barba?

117 737 198 812 Nos
216 730 419 836 colaphum
436 732 637 805 incutimus
657 729 836 806 lambenti
854 733 1021 808 crustula
1039 761 1159 812 serto.
1224 773 1240 822 ς

118 854 207 926 Non
222 866 304 922 erat
322 849 392 919 hac
410 845 505 919 facie
523 839 772 923 miserabilior
791 849 1012 950 Crepereius

116 962 266 1052 Pollio,
283 964 350 1065 qui
368 959 557 1064 triplicem
576 987 729 1035 usuram
748 979 939 1066 praestare
959 981 1112 1065 paratus

118 1079 266 1152 Circuit
283 1093 321 1148 et
336 1073 460 1148 fatuos
479 1099 558 1148 non
580 1077 732 1150 invenit.
760 1073 870 1178 Vnde
889 1095 1046 1180 repente

119 1195 196 1268 Tot
215 1194 359 1294 rugae?
384 1207 488 1264 certe
508 1189 655 1264 modico
676 1207 876 1266 contentus
894 1193 1029 1294 agebas

120 1311 289 1382 Vernam
307 1308 496 1406 equitem,
515 1307 671 1383 conviva
688 1309 772 1382 ioco
791 1305 988 1382 mordente
1007 1306 1149 1382 facetus
1209 1345 1239 1394 ω

119 1426 169 1496 Et
188 1421 330 1496 salibus
348 1407 545 1498 vehemens
564 1423 664 1494 intra
683 1424 875 1525 pomoeria
895 1413 1031 1498 natis*

120 1540 256 1612 Omnia
275 1562 379 1612 nunc
398 1555 553 1612 contra:
574 1535 699 1611 vultus
719 1541 863 1638 gravis,
881 1536 1037 1612 horrida
1056 1539 1175 1614 siccae

121 1653 222 1730 Silva
242 1681 390 1745 comae,
410 1652 538 1728 nullus
557 1671 636 1728 tota
655 1656 757 1727 nitor
777 1657 817 1726 in
836 1671 946 1744 cute,
965 1651 1116 1757 qualem

119 1771 268 1845 Bruttia
288 1766 501 1870 praestabat
520 1767 630 1844 calidi
648 1768 716 1844 tibi
736 1767 849 1844 fascia
869 1771 979 1846 visci:

117 1883 197 1959 Sed
212 1883 415 1958 fruticante
433 1882 512 1987 pilo
531 1883 703 1986 neglecta
722 1901 760 1957 et
779 1881 950 1984 squalida
967 1909 1092 1958 crura.
1209 1922 1239 1969 ,ς

120 1998 225 2093 Quid
244 2001 377 2072 macies
400 2001 501 2101 aegri
520 2003 674 2090 veteris,
692 2025 806 2104 quem
826 2016 992 2101 tempore
1011 1997 1127 2100 longo

122 2121 262 2193 Torret
282 2135 415 2221 quarta
435 2117 514 2192 dies
533 2115 700 2218 olimque
720 2110 922 2226 domestica
940 2116 1087 2192 febris?

120 2232 343 2336 Deprendas
363 2234 474 2305 animi
495 2249 681 2307 tormenta
701 2230 850 2306 latentis
869 2235 910 2304 in
930 2257 1044 2332 aegro

124 2351 315 2450 Corpore,
337 2347 548 2452 deprendas
569 2363 606 2421 et
625 2346 782 2449 gaudia:
803 2349 914 2422 sumit
933 2364 1135 2448 utrumque
1198 2429 1205 2440 .

125 2464 220 2538 Inde
239 2464 406 2538 habiturn
423 2462 549 2537 facies.
576 2465 695 2564 Igitur
713 2461 858 2537 flexisse
875 2461 1010 2538 videris
1203 2490 1236 2542 at

124 2581 384 2684 Propositum,
404 2594 442 2652 et
460 2581 556 2656 vitae
573 2579 783 2652 contrarius
800 2580 855 2650 ire
873 2579 1002 2680 priori.

159 2856 185 2899 4.
204 2845 305 2902 Navata
318 2852 360 2900 20.
373 2801 657 2906 trahat-rotem:
708 2849 759 2896 raia
770 2845 800 2916 s
816 2863 842 2895 v.
860 2849 903 2898 tt.
929 2842 1048 2896 Pithoeus
1067 2843 1236 2895 Bntrciasive

124 2926 196 2986 τινὰς
210 2945 250 2995 ap.
263 2925 370 2979 Lucina.
383 2925 415 2976 de
428 2925 516 2979 Saltat.
530 2944 552 2977 c.
568 2929 591 2977 2.
701 2929 791 2999 saraia
816 2926 870 2978 sive
891 2930 960 2978 arcia
971 2945 1000 2978 ea
1014 2925 1104 2978 brusco
1123 2924 1174 2990 (de
1187 2943 1238 2994 quo

160 3015 185 3061 9.
199 3010 263 3060 ’νώ
283 3021 382 3078 repente
399 3009 449 3060 Tot
465 3027 540 3077 rugas
552 3006 655 3078 elegan-
708 3030 733 3064 v.
749 3010 816 3064 Plio.
832 3011 911 3075 XVl,
929 3013 982 3078 46.)
1008 3009 1172 3063 scribendum
1193 3027 1234 3060 ar·

125 3092 178 3144 tius
202 3101 228 3144 et
260 3091 327 3142 hand
359 3091 436 3142 dubie
465 3103 547 3151 recte,
577 3091 660 3142 iudice
708 3091 862 3156 bitrabatnr,
885 3092 930 3144 sed
947 3091 1016 3144 nihil
1039 3111 1084 3160 pro
1105 3097 1236 3160 comperto

124 3173 217 3226 Heius.
243 3175 276 3226 ad
295 3173 375 3228 ovid.
393 3176 455 3225 ller.
474 3175 521 3242 Ep.
539 3176 597 3236 Xll,
618 3179 658 3226 84.
709 3177 837 3229 affirmare
854 3175 970 3230 audebat.
995 3175 1142 3228 Praestatur
1159 3175 1237 3227 calidi

124 3257 171 3309 nbi
192 3257 262 3309 banc
281 3255 402 3325 loquendi
421 3256 529 3310 modum
546 3255 660 3325 pluribus
709 3260 846 3312 circumlita
856 3245 944 3328 fiscia
963 3261 1026 3312 visci
1051 3263 1157 3312 to—tt.
1173 3264 1238 3312 44-

125 3339 253 3410 exemplis
269 3342 392 3392 firmavit.
710 3347 751 3396 27.
771 3349 813 3396 45.
836 3347 875 3396 55.
903 3349 943 3397 57.
960 3349 1001 3396 50.
1023 3347 1065 3396 60.
1088 3348 1130 3396 65.
1149 3349 1191 3398 77.
1212 3350 1238 3394 et

163 3433 206 3476 tt.
218 3429 281 3475 inter
293 3429 334 3475 24.
710 3445 801 3480 omnes
822 3425 897 3479 codd.
910 3427 1001 3479 'l’aris¹
1023 3435 1124 3495 praeter
1144 3426 1202 3478 Pur.
1222 3443 1238 3478 e

163 3512 205 3559 42.
233 3507 337 3560 horrida
360 3507 439 3559 dorae
466 3503 538 3557 Silva
561 3523 661 3570 comm,
711 3513 802 3574 quibos
826 3512 872 3563 has
887 3509 1006 3563 lectiones
1025 3509 1156 3563 revocavit
1174 3507 1238 3562 Acts

126 3589 231 3644 atauo
244 3591 350 3642 staram
364 3607 402 3658 ap.
416 3587 545 3644 Theocrit.
554 3589 623 3651 XlV,
636 3595 660 3638 4.
712 3593 851 3645 Praestabit
863 3595 940 3668 cafflt
956 3591 1185 3661 cirmlitasaxia
1199 3593 1240 3641 vi·

165 3680 206 3725 44.
218 3673 320 3724 Bntstiu
331 3673 471 3741 praestabat
482 3672 559 3723 calidi
571 3673 662 3722 circam
711 3681 745 3728 sci
760 3681 865 3729 46-50.
881 3683 919 3727 54.
930 3681 969 3729 56.
978 3681 1084 3728 64-69.
1097 3679 1238 3726 7443.-

124 3759 210 3826 sascia
223 3761 286 3808 visci
297 3763 322 3810 8.
336 3757 444 3808 Bracata
458 3756 567 3825 p.c.ribt
574 3755 662 3823 faselo
711 3761 838 3812 Lucienus
849 3756 875 3808 in
888 3757 959 3808 Alex.
974 3765 998 3810 5.
1012 3755 1147 3810 Pseudolo.
1162 3772 1184 3806 e.
1196 3760 1238 3807 24.

125 3839 194 3890 vird
216 3843 233 3890 9
254 3855 269 3889 ⁸
287 3855 323 3888 m·
345 3855 396 3890 sec·
420 3836 547 3888 Btsscet'dss
556 3845 603 3886 ⁶²²·
617 3841 633 3887 9
647 3851 661 3884 fl
711 3847 784 3895 τοῦτο
796 3839 825 3893 τὸ
838 3839 968 3913 κολλύριον
981 3839 1117 3895 σκιναστόν
1131 3837 1196 3890 ἐστιν
1209 3837 1238 3889 iz

126 3941 168 3974 m.
185 3941 226 3992 pr.
246 3923 346 3974 Brattia
363 3921 503 3992 praestabat
521 3920 605 3972 calida
618 3919 662 3969 abt
713 3929 803 3987 πίττης
823 3927 948 3999 Βρυττίας
977 3927 1022 3978 καὶ
1042 3923 1168 3994 ἀσφάλτου
1194 3921 1239 3974 καὶ

124 4006 215 4074 fascea
230 4009 290 4058 visai
301 4017 356 4074 post
370 4025 396 4057 v.
411 4013 451 4057 44.
470 4016 496 4056 et
513 4001 663 4055 Praestabat
712 4015 791 4082 χηρρῡ
807 4011 850 4062 καὶ
864 4011 1010 4081 panim,

126 4092 209 4144 calidi
227 4091 366 4142 cirarmlita
382 4089 470 4162 starcia
491 4090 553 4140 visai
567 4096 622 4156 post
637 4103 663 4139 v.

129 4172 291 4244 44123511„
314 4171 341 4223 j„
369 4171 425 4224 cod·
452 4173 559 4224 pum„⁸
595 4170 663 4221 ffinc
749 4147 788 4194 47.
804 4137 912 4207 Torquet
931 4142 973 4190 45.
990 4139 1030 4189 23.
1043 4146 1069 4188 et
1081 4135 1137 4188 MS.
1151 4135 1241 4188 Canta·

713 4220 779 4292 brig.
793 4239 817 4272 v.
839 4219 942 4272 Wakes.
959 4218 991 4271 ad
1003 4221 1104 4272 Lueret.
1118 4221 1165 4282 111,
1181 4221 1241 4271 930.

127 4343 196 4394 visci
210 4346 251 4394 70.
266 4345 310 4393 76.
321 4343 363 4392 82.
377 4357 407 4389 ει
421 4336 547 4409 probabili
561 4336 662 4388 emend.
750 4342 786 4390 40.
802 4333 970 4405 deprehendas
987 4341 1026 4388 44.
1041 4340 1080 4390 45.
1093 4342 1134 4389 47.
1150 4339 1191 4387 ts.
1199 4339 1241 4389 24.

129 4423 264 4483 salmasii..
286 4421 432 4474 Praestalat
444 4421 521 4474 calidi
538 4421 582 4474 riht
596 4419 660 4472 Bru·
714 4425 754 4473 45.
768 4424 808 4473 50.
820 4421 855 4473 lta
869 4429 895 4473 et
905 4438 930 4474 r.
945 4424 984 4471 49.

163 4517 168 4531 ’
234 4523 312 4600 Irr.
333 4524 362 4596 Ι.
1095 4483 1142 4588 ¹L
