3078 5494
319 341 415 432 208
767 366 990 428 4444444444

315 571 485 664 Montio,
513 591 606 662 nec,
631 569 752 672 prima
779 570 809 642 si
834 565 921 644 luce
948 593 1115 671 egressa,
1141 568 1282 646 reuerti

314 687 435 762 Nocte
462 682 578 778 solet,
605 686 719 760 tacito
743 683 860 760 bilem
886 683 955 758 tibi
982 683 1181 760 contrahat
1206 709 1324 774 uxor,
1395 722 1449 770 4⁸5

314 801 478 876 Humida
497 803 677 906 suspectis
697 799 877 877 referens
886 800 1050 876 multicia
1068 801 1170 902 rugb

316 920 555 1021 Vexatasque
575 942 698 994 comas
718 936 756 992 ct
774 915 919 994 vultum
940 943 1146 1020 auremque
1165 913 1364 990 calentem.

315 1037 503 1112 Protenus
522 1052 610 1110 aute
628 1061 775 1126 meum,
793 1033 983 1138 quidquid
1002 1032 1129 1124 dolet,
1149 1061 1244 1110 exue
1264 1033 1384 1108 limen
1400 1065 1411 1107 ε
1523 1065 1524 1076 ¹

315 1153 420 1228 Pone
447 1150 600 1228 domum
621 1168 660 1225 et
678 1177 804 1228 servos
824 1168 862 1224 et
880 1149 1069 1254 quidquid
1089 1149 1279 1253 frangitur
1304 1149 1382 1224 illis

315 1269 392 1342 Aut
411 1270 533 1372 perit:
553 1269 719 1371 ingratos
737 1283 824 1340 ante
844 1267 1091 1370 omuia‘ponc
1110 1265 1266 1342 sodales.
1395 1302 1448 1350 494

365 1386 516 1460 Interea
543 1381 811 1488 Megalesiacae
838 1381 1051 1488 spectacula
1079 1411 1236 1488 mappae

313 1499 470 1576 idaeum
490 1497 647 1575 solenne
664 1498 818 1590 colunt,
844 1498 1048 1603 similisque
1075 1501 1267 1604 triumpho

313 1615 461 1691 Praeda
488 1611 721 1692 caballorum
747 1619 904 1692 Praetor
920 1616 1047 1709 sedet,
1066 1643 1131 1709 ac,
1150 1617 1240 1692 mihi
1268 1641 1360 1721 paco

312 1732 519 1807 Immensae
546 1733 759 1836 nimiaeque
785 1730 877 1807 licet
902 1735 932 1809 si
959 1731 1086 1808 dicere
1113 1731 1260 1838 plebis,

313 1850 447 1924 Totam
467 1847 578 1924 hodie
597 1851 751 1924 Romam
768 1851 890 1925 circus
909 1852 1022 1955 capit,
1034 1866 1071 1923 et
1083 1847 1212 1951 fragor
1228 1875 1352 1923 aurem
1380 1886 1429 1934 495

312 1966 503 2056 Percutit,
529 1983 705 2040 eventum
732 1966 860 2044 viridis
889 1994 966 2069 quo
993 1965 1131 2070 colligo
1158 1969 1289 2070 panni.

311 2082 407 2157 Nam
432 2085 462 2158 si
490 2081 687 2173 deficeret,
711 2102 889 2159 moestam
916 2088 1189 2188 attonitamque
1205 2083 1366 2158 rideres

313 2195 422 2271 lianc
448 2199 605 2290 urbem,
631 2196 747 2274 veluti
775 2201 989 2274 Cannarum
1015 2204 1056 2274 in
1082 2200 1239 2304 pulvere
1266 2201 1372 2278 victis

313 2311 549 2390 Consulibus.
577 2313 759 2417 Spectant
777 2316 952 2406 iuvenes,
979 2341 1075 2418 quos
1095 2314 1291 2391 clamaret
1311 2313 1432 2388 audax

312 2431 492 2534 sponsio,
517 2457 613 2533 quos
640 2429 764 2507 cultae
790 2431 901 2508 dccet
927 2432 1113 2508 adsedisse
1141 2431 1314 2536 puellae3
1384 2468 1436 2518 aot

312 2545 494 2650 Spectent
517 2545 590 2620 hoc
617 2563 758 2653 nuptae
784 2551 887 2623 iuxta
914 2547 1121 2624 recubante
1149 2551 1306 2640 marito,

313 2663 427 2758 Quod
452 2662 594 2768 pudeat
619 2689 791 2742 narrasse
817 2665 980 2769 aliquem
1007 2667 1268 2771 praesentibus
1293 2667 1395 2769 ipsis.

312 2783 449 2858 Nostra
475 2778 580 2856 bibat
606 2809 765 2859 vernum
787 2801 987 2904 contracta
1012 2783 1178 2859 cuticula
1203 2781 1321 2860 solem

348 2986 404 3036 486.
421 2951 634 3038 nutwatssts.
894 2986 1002 3056 pudeat,
1027 3005 1116 3038 44444444
1141 2987 1239 3058 4444444444
1264 2987 1436 3057 44444444446444

348 3071 404 3119 488.
421 3079 505 3118 exorate
523 3067 600 3118 limen
613 3067 679 3134 conj.
700 3066 836 3120 Schrader.
895 3071 971 3140 ipsiu
986 3067 1102 3139 Spectant
1115 3069 1163 3122 boo
1174 3080 1221 3122 cet.
1230 3073 1250 3140 ).
1268 3079 1324 3139 post
1337 3089 1363 3121 v.
1375 3077 1436 3123 472.

348 3153 406 3202 489.
419 3149 532 3216 domun,
546 3168 628 3202 servos
643 3155 684 3202 66.
702 3155 742 3204 69.
756 3155 798 3204 60.
895 3155 923 3208 iu
940 3160 991 3218 48,
1011 3165 1037 3207 et
1055 3165 1111 3225 post
1128 3173 1152 3208 v.
1169 3163 1226 3209 464.
1250 3156 1277 3208 iu
1292 3161 1317 3209 8.
1335 3161 1377 3208 ³5.
1390 3162 1437 3208 36.

348 3237 407 3285 494.
424 3232 525 3303 palmae
548 3251 594 3302 pro
618 3251 723 3304 mappae
746 3239 787 3288 27.
805 3241 845 3290 46.
897 3244 940 3310 (4.
961 3241 1064 3293 Cauteri
1083 3241 1149 3295 Nou.
1170 3243 1239 3293 Lect.
1253 3241 1295 3304 111,
1307 3243 1346 3307 6.)
1365 3249 1389 3290 et
1407 3240 1437 3294 io
1523 3239 1524 3242 ’

311 3321 353 3370 47.
373 3322 416 3372 48.
436 3323 478 3372 68.
497 3324 539 3371 64.
557 3324 599 3372 62.
617 3325 658 3373 63.
677 3323 786 3374 66-69.
804 3328 846 3376 74.
892 3324 956 3377 edd.
983 3334 1091 3378 recemt.
1107 3324 1230 3378 4444444444.
1259 3322 1334 3376 etal.
1360 3323 1437 3392 prob.
1522 3351 1523 3356 =

312 3404 354 3453 72.
367 3400 492 3470 74444444).
513 3399 636 3454 Curione·
895 3409 994 3479 Grauq.
1013 3410 1072 3460 Post
1098 3429 1123 3462 4.
1139 3415 1198 3462 473.
1221 3425 1265 3459 eos
1282 3406 1438 3466 inserendos
1522 3389 1523 3448 l

346 3505 404 3555 493.
417 3517 442 3553 v.
457 3489 564 3555 Exitum.
580 3502 611 3556 ad
626 3501 682 3556 h.l.
896 3492 1001 3562 putabat
1009 3491 1113 3546 Baba-dt.
1127 3495 1235 3546 Pronus
1243 3501 1330 3546 44444444
1340 3491 1438 3546 4444444444

347 3603 403 3652 494,
421 3601 540 3653 ‚amam
556 3605 598 3655 23¹
896 3576 928 3628 ab
951 3583 993 3630 to.
1018 3585 1058 3628 44.
1076 3581 1117 3628 44.
1140 3583 1181 3629 46.
1197 3583 1238 3630 46.
1261 3581 1372 3630 24-27.
1390 3583 1436 3630 47.

895 3665 937 3714 48.
954 3666 1062 3714 64-69.
1084 3667 1127 3713 74.
1150 3665 1191 3714 72.
1216 3665 1258 3714 73.
1281 3666 1364 3713 tter
1386 3660 1435 3712 ΧΠ
1522 3659 1523 3662 '

346 3708 403 3756 ⁴⁹⁵¹
417 3721 506 3818 imm
520 3711 562 3760 ⁵⁹⁸
578 3711 619 3758 σθ’
633 3709 676 3757 6⁶⁶
895 3743 968 3795 codd.
979 3745 1057 3796 Paris.
1070 3753 1137 3796 reete
1147 3744 1246 3805 44444444,
1258 3741 1345 3796 iudice
1351 3743 1434 3796 etiarn

346 3803 401 3854 ⁴⁹⁸·
419 3819 446 3853 ”¹
459 3801 531 3855 ’Μ
544 3801 576 3854 ab
591 3808 632 3856 ⁵⁶·
647 3807 687 3856 ⁵7·
706 3807 746 3856 ⁵9·
760 3807 801 3857 ⁶⁰·
894 3824 1018 3879 srhunfl.
1038 3827 1078 3879 Ab
1088 3825 1270 3896 interpolatore
1279 3827 1382 3895 procusi
1394 3826 1435 3878 444·

343 3904 403 3953 204.
422 3905 481 3954 202.
506 3903 539 3954 Hi
565 3921 653 3956 versut
678 3901 840 3974 legunturh.
894 3910 1002 3978 dentur,
1019 3910 1434 3964 etalibrariisdeindeexmar-

309 3981 406 4036 tint.
424 3989 448 4038 2.
466 3992 504 4036 44.
522 3993 562 4040 47.
582 3994 622 4040 48.
641 3993 840 4042 49464968.
894 4011 954 4062 grue
967 4011 1045 4048 444444
1058 3993 1141 4047 locis
1133 3993 1231 4048 44444444
1253 3993 1282 4046 84
1296 4005 1385 4046 tamen
1400 3993 1433 4046 ab
1521 4001 1522 4026 ¹

309 4069 351 4118 747.
365 4071 397 4120 74
419 4072 461 4122 76.
483 4074 525 4122 76.
539 4074 582 4122 84.
599 4075 640 4123 82.
653 4081 678 4122 et
692 4071 779 4122 XX
780 4071 840 4123 ‹mdd
894 4077 974 4146 ipsius
993 4081 1083 4147 potitae
1104 4077 1209 4150 ingenio
1228 4078 1430 4149 prosectisunt,

309 4149 390 4204 Paris.
403 4151 448 4204 aed
467 4163 562 4224 postu.
574 4156 652 4207 ⁴59ss
645 4155 840 4223 inquibusdnm
893 4159 954 4212 lruic
974 4159 1031 4214 loco
1051 4162 1134 4232 magis
1154 4166 1328 4228 conveniunt,
1352 4182 1431 4232 quarn

308 4230 394 4300 4444444,
422 4247 477 4306 post
504 4257 529 4290 v.
561 4245 615 4292 tot.
644 4239 670 4292 in
698 4244 738 4292 46.
764 4239 844 4292 inlll
895 4243 960 4295 44444
974 4265 999 4298 4.
1013 4245 1325 4317 eommpspeaamtt.
1341 4251 1381 4301 48
1391 4251 1431 4300 49.

308 4317 387 4372 MSS.
408 4321 484 4374 Paris.
506 4331 532 4373 et
543 4323 600 4376 cod
622 4325 678 4377 lun.
692 4326 841 4397 Haerrnyn·
896 4325 1012 4400 aripoctatt
1028 4327 1069 4379 luo
1082 4347 1152 4418 con]
1166 4331 1276 4389 Withot

311 4399 380 4453 dano
409 4401 474 4470 (sed
499 4404 536 4458 ibi
558 4403 607 4459 boe
634 4406 729 4460 modu:
769 4409 845 4479 Quod
928 4415 989 4468 202.
1007 4431 1110 4468 4444444444
1126 4397 1165 4470 tl.
