3056 5490
565 389 716 449 sarran
753 393 809 452 iv.
1158 363 1250 484 413

133 585 300 664 Seriolae
320 603 483 662 veterem
503 605 672 664 metuens
691 587 877 666 deradere
894 588 1048 684 limum,

133 703 305 806 Ingemit,
315 707 402 780 Hoc
411 705 575 781 benerit!
600 708 807 780 tunicatum
828 733 913 782 oum
932 707 1204 800 sale-mordens

132 820 279 924 Caepe:
301 837 339 894 et
357 819 496 894 farrata
517 825 645 925 pueris
665 820 936 923 plaudentibus
959 824 1060 916 olla',
1218 865 1248 914 31

132 937 342 1012 Pannosam
367 935 510 1012 faecem
532 939 724 1015 morientis
744 940 873 1016 sorbet
893 943 1040 1017 aceti.»

131 1190 196 1243 tolia
217 1179 360 1260 adpellata,
388 1189 458 1244 Gell.
484 1193 525 1258 X,
548 1197 589 1246 tt.
613 1191 678 1248 lllis·
718 1192 907 1265 iutelligiseria
927 1213 974 1250 seu
990 1194 1092 1248 dolium
1111 1195 1186 1250 humi
1203 1197 1250 1250 de·

132 1273 225 1326 diebus
247 1293 326 1327 omne
350 1276 486 1327 servitium
512 1287 566 1328 erat
583 1276 667 1330 subla·
718 1295 833 1348 mersum
851 1277 878 1330 in
895 1278 960 1332 cella
986 1277 1254 1348 vinaria‚quod,an-

132 1365 190 1408 tum
202 1356 311 1428 Dionys.
330 1355 497 1412 l.c.'1'ibull.
514 1362 556 1422 ll,
570 1367 595 1412 7.
612 1361 667 1412 ttta-
717 1369 823 1431 tequam
843 1360 1011 1428 relineretur,
1030 1381 1045 1414 a
1059 1362 1176 1414 sordibus
1193 1373 1249 1415 erat

132 1441 201 1494 crob.
227 1441 281 1496 Sat.
299 1443 326 1505 l,
351 1449 391 1496 te.
416 1445 520 1498 Poterat
545 1445 619 1509 lieri,
638 1456 667 1498 ut
717 1445 984 1515 purganduml'otest
996 1465 1100 1518 quoque
1112 1447 1185 1498 limm
1198 1465 1254 1498 esse

131 1527 192 1596 iuga
205 1525 285 1578 boum
299 1526 330 1578 ad
345 1527 404 1580 istas
417 1546 474 1581 aras
488 1530 542 1582 sive
555 1531 668 1600 compita
718 1527 772 1588 viui
794 1528 850 1580 saer
871 1527 956 1581 adhue
975 1528 1074 1598 reliqua
1092 1547 1120 1582 ao
1134 1529 1180 1582 diu
1194 1547 1252 1582 ser·

131 1611 1255 1685 mwmmmmwmmrwwmmfflMmMu

132 1706 159 1748 et
182 1696 331 1752 homiuibus
348 1717 394 1769 per
415 1697 474 1751 illos
495 1699 549 1753 dies
569 1699 668 1754 servitii
717 1693 1253 1768 salim-11⁰0mtgitplaoelsfflfflqult

133 1779 350 1850 suspenderentur
366 1799 411 1835 seu
422 1785 570 1855 figerentur.
584 1786 629 1836 Est
639 1785 665 1837 id
718 1773 751 1826 “l
778 1773 972 1845 depingendum
1005 1775 1108 1828 wnilde
1142 1795 1254 1829 *walum

35 1868 38 1873 '
72 1877 76 1882 ·
133 1855 668 1936 quidemabnulloveterum⁸seriptnrum,
717 1857 801 1927 tpfiufl
817 1869 871 1922 ²⁸2,
893 1870 949 1912 lum
965 1861 1023 1929 qula
1039 1878 1064 1912 v·
1080 1863 1254 1930 32·pamwute

134 1945 203 2016 quod
217 1945 339 2018 equidem
353 1947 448 2012 seiam,
460 1950 602 2001 memoriae
608 1969 668 2020 pru·
713 1944 797 2014 saecu
809 1943 907 1996 mentio
924 1947 961 1996 fit·

134 2025 234 2092 ditum,
247 2047 338 2080 verum
355 2047 434 2097 quam
457 2028 539 2082 multa
550 2029 578 2082 iu
595 2032 669 2086 omni
753 2029 795 2079 30.
806 2027 925 2097 Ingemit.
936 2029 998 2080 Boe
1011 2025 1164 2092 declaratur,
1175 2045 1253 2096 qrram

134 2111 288 2184 antiquitate
300 2113 452 2176 creduntur,
465 2114 669 2187 quaevelunius
718 2105 819 2162 lubfflli
843 2110 932 2162 animo
957 2108 997 2162 hit
1019 2109 1096 2163 “but
1121 2108 1254 2164 Vilistimls

135 2196 208 2250 verbi
220 2198 379 2264 testimonio,
393 2199 526 2252 interdum
541 2187 671 2270 gramma·
718 2201 819 2258 ultlur,
836 2192 957 2262 idemque
979 2205 1106 2263 repugnat
1126 2192 1254 2262 praeclare

137 2279 182 2333 tici
202 2281 287 2334 nescio
305 2281 394 2349 euius,
411 2283 542 2351 nitantur,
553 2303 667 2354 praeser-
718 2278 848 2346 sequenti:
871 2279 929 2329 Hoc
950 2279 1066 2330 baresii!
1083 2275 1141 2328 Ηοσ
1154 2289 1192 2330 est
1206 2297 1251 2330 ca·

136 2365 185 2415 tim
210 2383 298 2418 earum
318 2383 425 2430 rerum,
452 2385 517 2436 quae
539 2368 668 2422 advitam
717 2381 761 2414 aus
771 2372 864 2415 sextus.
878 2363 1059 2448 Sensuslestis
1072 2362 1251 2416 delectemur!

135 2441 1253 2522 pmmmmmmmffllmmmsswmmwd

135 2527 269 2592 colatum,
283 2531 370 2584 minus
387 2551 401 2584 a
418 2533 584 2602 scriptoribus
602 2533 667 2588 cele·
717 2529 805 2582 mullis
817 2528 958 2582 involucris
971 2539 1077 2582 constal·

135 2611 216 2680 brata,
227 2615 380 2684 pertineant.
392 2617 469 2687 Apud
479 2628 591 2670 veterem
599 2637 668 2671 com·
752 2621 792 2667 3⁴.
813 2627 836 2664 et
852 2616 959 2684 farrato
976 2618 1059 2682 pueris
1076 2613 1251 2684 plaudentibus

135 2708 308 2751 mentatorem
333 2699 396 2754 haec
416 2700 552 2772 leguntur:
575 2701 608 2752 In
628 2703 668 2754 liis
717 2695 778 2746 olla·
803 2695 912 2746 Farrata
938 2696 1006 2758 olla,
1032 2711 1093 2764 prot
1120 2693 1191 2764 pulte
1219 2713 1252 2744 ex

134 2779 269 2847 (aediculis
285 2782 321 2834 'in
347 2784 464 2852 compitis
493 2786 666 2854 consecratis)
717 2777 785 2828 [ΕΜ
812 2796 896 2830 ὓΐᾱϋδῠ
921 2777 949 2829 lit
975 2775 1026 2829 olla
1049 2779 1249 2830 coela-Sensutt

134 2866 195 2932 iuga
214 2864 305 2934 fiaoto
328 2863 360 2915 ab
379 2865 499 2934 agricolis
526 2880 665 2936 ponuntur,
718 2863 839 2931 Dumque
852 2861 948 2914 servuli
962 2879 1055 2932 magua
1068 2861 1180 2913 invicem
1191 2879 1252 2914 cum

134 2953 229 3000 emeriti
245 2961 269 3000 et
288 2950 408 3002 elaborati
435 2955 518 3020 operis
539 2951 667 3004 indiciam.
719 2944 905 3016 gratulatione,
925 2947 984 3014 quir
999 2955 1067 2997 tanta
1081 2942 1135 2996 soil.
1154 2943 1252 2998 lautitia

133 3029 251 3084 Sedh.l.
265 3032 363 3085 nonde
377 3033 504 3103 e0,qu0d
518 3034 668 3098 interdum,
719 3045 778 3081 raro
803 3027 853 3080 illis
872 3029 1021 3098 contingere
1047 3027 1161 3093 solebat,
1183 3027 1253 3098 pulte

133 3113 155 3166 si
181 3114 261 3167 fracta
287 3125 360 3169 erant
387 3116 463 3188 iuga,
478 3121 576 3169 'vorum
598 3119 667 3188 quod
719 3109 939 3180 lflollaobposltt
957 3111 1118 3165 fruebantur·

133 3197 204 3250 statis
217 3195 375 3269 temporibus
388 3201 443 3252 lieri
457 3199 571 3264 solebat,
582 3221 669 3254 sermo
755 3201 797 3248 32·
806 3195 950 3247 Faunorum
956 3196 1254 3268 saectmmott'ettll'mt'·

134 3296 189 3330 esse
203 3279 314 3333 videtur.
327 3282 386 3335 Non
399 3295 436 3336 est
450 3301 509 3334 sane
519 3325 526 3346 ‚
538 3284 609 3354 quod
618 3304 666 3337 nos
719 3280 757 3330 bet
771 3283 842 3330 aceti.
857 3279 1001 3330 Formosam
1008 3318 1018 3342 ,
1034 3279 1051 3331 i.
1060 3296 1083 3330 e.
1100 3277 1150 3330 ritu
1165 3289 1190 3330 et
1204 3297 1250 3331 ve·

134 3361 242 3414 verbum
251 3365 337 3437 figit,
354 3385 406 3434 quo
424 3366 517 3419 Noster
537 3385 598 3418 usus
611 3379 666 3431 est,
720 3371 811 3413 tustate
840 3361 997 3414 membranis
1023 3361 1076 3412 iarn
1100 3360 1252 3413 obductam.

54 3511 60 3519 Ι
133 3453 257 3512 torqueat
284 3447 352 3500 Nam
379 3466 432 3501 uon
458 3446 665 3514 adfirmaverim,
716 3447 943 3500 Observandum
962 3446 1250 3516 estpo'e'taeinverbo-
1314 3503 1319 3514 ι

132 3525 197 3578 illud
215 3545 317 3599 semper
339 3533 384 3584 τοῦ
411 3531 578 3595 ἀνατίθεναι,
599 3551 666 3586 nus·
716 3549 776 3582 runt
798 3530 914 3600 delectu,
932 3551 983 3600 quo
1007 3541 1124 3586 utentem
1151 3531 1252 3584 inducit

134 3629 212 3682 quarn
231 3618 276 3666 τοῦ
295 3613 491 3686 ἁνακριμᾶσθαι
511 3605 564 3668 vim
583 3615 663 3670 babe·
716 3613 796 3666 istum
818 3614 1015 3668 obtrectatorem
1030 3624 1056 3667 et
1070 3613 1097 3666 in
1112 3612 1255 3667 minutissi-

133 3695 234 3745 re.Hue
254 3693 374 3759 adrodit,
392 3697 461 3765 quod
482 3699 590 3750 omniuo
602 3702 663 3767 po'e‘·
717 3699 767 3750 mis
781 3699 813 3750 ad
834 3698 960 3751 iuvidiam
979 3699 1149 3772 depingendis
1170 3701 1250 3752 artili-

133 3785 173 3828 tae
181 3815 189 3840 ‚
208 3776 326 3848 inprimis
340 3781 601 3850 Persius‚propriam
614 3801 669 3834 ver-
718 3799 784 3834 cem.
802 3781 926 3834 Sordidus
953 3780 998 3835 ille
1025 3801 1076 3834 nou
1094 3781 1174 3845 bibit,
1203 3781 1251 3834 sed

134 3860 226 3914 borum
244 3863 298 3917 vim
316 3883 370 3916 non
383 3864 502 3938 religiose
515 3877 666 3936 sequnntur.
718 3866 816 3929 sorbet,
838 3875 971 3934 tamquam
992 3883 1049 3918 rem
1068 3863 1251 3926 lautissimam,

131 3955 247 4012 pernaso,
267 3946 367 4018 saepius
392 3967 439 4019 pro
466 3961 578 4016 venata,
596 3948 633 4002 h..
648 3949 667 4006 l.
719 3958 748 4000 ut
769 3964 859 4016 sapore
881 3945 930 3998 hoc
953 3947 1139 4000 iucundissimo
1172 3964 1253 4016 quam

134 4044 180 4095 pro
191 4032 284 4096 pervia.
719 4029 864 4083 diutissimo
885 4029 999 4097 fruatur,
1021 4028 1191 4082 nibilominus
1214 4038 1251 4081 ta·

168 4113 210 4162 29.
225 4109 344 4164 Seriolae.
359 4114 389 4164 lu
402 4132 452 4183 qua
463 4113 558 4167 seriola
573 4113 617 4167 diu
631 4115 669 4168 vi·
719 4129 780 4165 men
798 4113 982 4183 parsimoniam
1005 4114 1033 4166 in
1052 4113 1164 4167 bibendo
1180 4112 1252 4166 adbi-

134 4207 199 4244 uum
215 4205 272 4248 erat
291 4195 472 4261 adservatum,
494 4217 546 4268 quo
563 4197 600 4250 uti
614 4216 668 4251 sor·
719 4197 792 4261 beat,·
807 4215 860 4249 non
879 4200 969 4250 vinum
979 4235 988 4262 ,
999 4196 1044 4249 sed
1062 4210 1173 4261 uacuam,
1187 4207 1259 4248 etue*

134 4275 210 4330 didus
231 4276 275 4332 ille
296 4299 349 4332 non
367 4299 444 4333 ansus
462 4283 669 4335 eratbnlr'mua
719 4278 767 4334 hoc
786 4279 912 4352 quidem,
931 4280 977 4333 sed
1004 4281 1099 4347 (breem
1113 4282 1178 4335 aedi
1193 4298 1249 4333 nto·

135 4357 162 4412 h.
182 4358 198 4414 Ι.
224 4360 265 4432 pix
293 4362 343 4430 ait,
366 4351 475 4430 dubito,
494 4373 576 4438 potest
597 4367 669 4419 euim
719 4365 988 4436 aientis‚i.e.rapidi.
