3028 5492
294 327 424 442 lxviii
597 389 604 436 ;
727 373 783 444 nn
815 375 981 464 sarran

334 573 582 664 Descriptiones,
611 575 826 644 similitudines
851 590 883 644 et
904 581 1044 666 exempla
1064 579 1187 646 Horatii
1208 581 1247 646 ad
1267 595 1427 652 summani

293 677 361 742 fere
380 677 425 740 rei
446 685 586 760 spectant
604 687 635 740 et
654 677 789 742 delibant
811 679 955 761 potiora,
977 681 1083 761 primis
1103 690 1222 742 tantum
1242 703 1278 744 sc
1301 685 1427 765 praeci-

292 771 381 853 puis.
405 770 492 834 utin
513 771 753 854 ichnographia,
777 772 865 836 lineis
885 773 993 838 ductis.
1014 775 1125 836 Eadem
1148 776 1303 857 aptissima
1325 788 1423 852 aunt,

293 875 324 932 et
352 887 416 932 con
448 868 590 951 vulgares
609 869 702 932 modo
722 891 771 932 res
792 892 828 932 ac
847 871 1006 940 notiones,
1026 871 1079 934 sed
1100 871 1224 934 subtiles
1243 895 1371 957 quoque
1392 885 1427 939 et

292 961 540 1046 philosophicas,
572 967 693 1046 egregie
720 965 893 1040 illustrant,
914 966 1010 1030 oeulis
1030 967 1228 1052 sensibusque
1249 970 1426 1034 subiiciunt

292 1071 331 1140 et,
352 1062 544 1126 confirmant.
577 1061 697 1124 Persius
726 1062 757 1122 iu
789 1062 824 1124 iis
844 1085 932 1146 saepe
954 1063 999 1126 vel
1020 1073 1153 1126 sectatur
1173 1067 1262 1128 anxie
1284 1066 1425 1144 minuta,

291 1159 343 1226 vel
368 1159 466 1222 aliena
498 1157 669 1232 immiscet,
689 1167 721 1220 et
742 1159 836 1240 magis
857 1159 889 1220 in
912 1160 1048 1241 partibus
1078 1162 1263 1222 exornandis
1283 1163 1425 1245 amplifi-

291 1257 475 1344 candisque,
502 1238 598 1340 qnam
628 1277 745 1318 summa
773 1256 818 1318 rei
838 1255 1041 1332 declaranda,
1061 1268 1227 1341 occupatus
1248 1271 1304 1324 est.
1325 1261 1425 1326 luve-

290 1355 368 1418 nalis
395 1375 536 1418 errorum
569 1355 781 1436 scelerumque
809 1353 957 1434 imagines
987 1353 1206 1418 ardentissimis
1237 1357 1425 1442 plerumque

290 1451 557 1538 pinguissimisque
586 1450 740 1514 coloribus
773 1448 952 1525 adumbrat,
984 1463 1015 1512 et
1035 1451 1068 1512 in
1089 1452 1134 1514 his
1156 1453 1298 1516 eximiam
1317 1465 1421 1518 artem

290 1550 546 1632 gravitatemque,
566 1547 596 1608 in
618 1547 870 1629 descriptionibus
892 1547 1041 1630 insignem
1063 1569 1169 1610 rerum
1189 1549 1415 1632 cognitionem,

290 1646 467 1712 varietatem
488 1645 664 1729 ingeniique
684 1643 796 1720 aciem,
827 1643 858 1704 in
880 1642 1091 1726 exemplorum
1123 1644 1245 1708 delectu
1265 1645 1417 1708 iudicium

291 1740 421 1818 subtile,
442 1742 475 1802 in
495 1760 602 1804 eorum
623 1741 710 1822 copia
742 1738 922 1822 exquisitam
953 1739 1151 1818 doctrinam,
1181 1740 1235 1804 sed
1256 1741 1288 1802 in
1309 1739 1422 1824 liguris

290 1833 474 1900 mercandis
493 1834 619 1896 nimiam
639 1833 797 1896 interdum
818 1854 923 1896 curam
944 1832 1095 1896 ostendit:
1117 1835 1157 1896 ita
1178 1835 1217 1896 ad
1237 1836 1344 1898 vinnm
1360 1857 1419 1897 re-

289 1938 372 1994 secat
391 1928 511 2006 omnia,
531 1930 623 1990 etiam
643 1928 834 2012 turpissima,
855 1939 887 1992 et
907 1927 985 1990 nihil
1006 1929 1243 2011 praetermittit,
1270 1929 1355 2014 quod
1370 1929 1423 1994 vel

290 2026 328 2090 sd
361 2025 498 2092 vividum
530 2023 658 2102 odium,
685 2023 734 2090 vel
760 2023 798 2088 ad
829 2023 1016 2088 cachinnum
1036 2025 1293 2092 commovendum
1313 2025 1422 2091 valere

313 2131 389 2188 ucat

290 2146 311 2208 q
330 2219 454 2284 Horatii
482 2239 578 2303 genus
606 2215 729 2292 dicendi
761 2217 884 2300 vulgare
903 2217 1028 2301 quidem
1048 2227 1079 2278 et
1099 2227 1192 2282 tenue
1215 2222 1335 2292 (Musa
1354 2201 1420 2304 pe-

290 2315 400 2386 destris
434 2325 465 2378 et
493 2336 644 2378 ammones
669 2335 724 2398 per
740 2315 867 2377 Murum
886 2327 1022 2396 repentes
1041 2324 1190 2378 vocantur
1209 2317 1273 2378 Sat.
1293 2316 1348 2392 11,
1369 2319 1417 2392 6,

292 2431 339 2492 17.
370 2419 401 2474 et
434 2410 530 2496 Epist.
561 2412 612 2486 ll,
648 2434 687 2488 s,
719 2410 833 2486 a5c.),
864 2410 918 2472 sed
939 2419 1073 2484 tersum,
1095 2410 1252 2486 naturale,
1273 2411 1422 2494 elegans,

289 2529 429 2593 purum,
449 2507 597 2572 rebusad
618 2506 696 2568 vitae
716 2507 889 2570 communis
909 2529 997 2568 nsum
1018 2516 1048 2568 et
1068 2506 1321 2570 cousuetudinem
1345 2531 1422 2590 per-

290 2600 458 2668 tinentibus
492 2603 704 2686 aptissimum,
724 2603 821 2666 fluens
841 2602 1056 2685 aequabiliter,
1076 2623 1151 2685 prae
1170 2624 1203 2665 se
1223 2604 1325 2666 ferens
1346 2604 1423 2666 feli-

290 2700 441 2762 eissimam
474 2699 669 2776 facilitatem,
690 2708 722 2759 et
742 2697 946 2781 inexplicabili
970 2699 1100 2781 quadam
1123 2709 1301 2774 venustate,
1322 2700 1423 2782 gratia

290 2805 321 2857 et
340 2795 531 2879 simplicitate
551 2797 770 2878 conspicuum:
794 2795 888 2866 Persii
909 2795 1045 2876 grande,
1067 2795 1163 2878 tropis
1179 2797 1350 2872 refertum,
1363 2817 1422 2858 ar-

289 2889 471 2966 tificiosam,
504 2890 686 2964 vehemens,
718 2889 889 2964 minutum,
922 2889 1066 2964 aridum,
1100 2890 1281 2968 concisum,
1303 2891 1421 2952 durum

289 3007 520 3070 nonnumquam
541 2995 571 3048 et
590 3006 679 3068 saepe
699 2984 864 3047 obscurum
881 3006 890 3044 s
910 2983 1061 3048 luvenalis
1080 2985 1224 3058 doctum,
1247 3007 1340 3064 acre,
1360 3007 1422 3048 co-

289 3079 432 3162 piosum,
454 3099 512 3162 pro
532 3099 636 3140 rerum
657 3079 830 3142 diversitate
850 3079 989 3154 narium,
1010 3088 1040 3140 et
1062 3079 1134 3142 hinc
1155 3079 1247 3141 modo
1268 3081 1420 3156 facetum,

288 3175 382 3261 modo
414 3195 529 3258 grase,
563 3175 655 3236 modo
685 3174 834 3252 sublime,
865 3175 958 3236 modo
984 3175 1160 3249 remissius,
1193 3185 1420 3259 utrumquem

287 3267 412 3334 humile.
424 3277 470 3347 (ι)
492 3271 609 3334 Horatii
628 3291 732 3336 sersus
751 3270 851 3332 fluunt
871 3269 1024 3334 illaborati
1044 3281 1074 3332 st
1093 3271 1159 3334 aine
1179 3281 1244 3333 arte
1266 3294 1301 3334 ac
1314 3273 1420 3340 studio

322 3515 365 3584 (t)
379 3512 480 3583 lloenig
495 3511 512 3564 l.
526 3509 544 3565 l.
559 3531 583 3582 p.
598 3515 637 3563 96.
656 3513 704 3562 ula
725 3511 826 3576 l’ersio,
876 3507 938 3560 alius
952 3527 1053 3562 summa
1065 3529 1125 3562 cum
1143 3529 1204 3563 cura
1217 3522 1346 3582 praestare
1362 3523 1420 3566 stu·
1447 3510 1451 3524 '

287 3599 392 3670 inquit,
413 3593 596 3662 etluvenale,
619 3614 670 3664 quo
695 3593 825 3666 longiusa
875 3595 945 3660 duit,
990 3595 1068 3647 modo
1102 3595 1294 3650 vehementiam
1327 3599 1418 3652 senmai

287 3685 391 3757 vulgari
414 3681 602 3738 consuetudine
625 3681 728 3735 dicendi
751 3699 822 3734 reos·
873 3697 921 3730 suo
945 3677 1046 3730 ardenti
1071 3691 1271 3734 consentaneam
1289 3701 1415 3755 asseque-

288 3771 370 3837 dunt,
387 3788 418 3822 eo
436 3768 518 3837 magis
538 3767 678 3820 verbenam
696 3766 822 3836 exquisita
873 3770 960 3824 ratur,
988 3759 1118 3814 rationem
1151 3761 1271 3818 babuerit
1301 3765 1417 3824 nullam.

288 3855 355 3908 ratio
379 3863 405 3906 et
421 3852 534 3906 delectus
556 3851 585 3904 in
604 3849 693 3906 oeulos
704 3850 821 3904 incurrit.
872 3845 931 3898 Non
949 3857 1001 3900 tarn
1017 3845 1147 3917 impotens
1162 3849 1204 3904 sui
1217 3851 1348 3906 luvenalis
1361 3864 1417 3922 est,

288 3937 324 3990 Et
341 3933 385 3988 ille
403 3933 511 4007 quidem
534 3932 588 3986 inne
605 3943 630 3986 et
649 3931 821 4005 indignationi
874 3931 992 3998 quamvis
1008 3931 1106 4002 impetu
1120 3933 1220 3986 seratur
1232 3955 1285 3988 non
1304 3937 1417 4006 minori,

288 4028 389 4074 tantiam
402 4019 506 4084 tribuit,
520 4027 550 4070 ut
562 4035 636 4087 saepe
643 4055 653 4080 ,
669 4034 750 4086 quum
764 4035 822 4087 gra·
875 4025 900 4068 et
912 4015 1038 4070 sermonis
1057 4017 1163 4089 ingenio
1175 4039 1235 4072 raro
1249 4023 1302 4074 vina
1321 4022 1415 4094 infert,

188 4103 192 4115 '
287 4099 391 4154 sissima
404 4119 518 4172 quaeque
529 4109 707 4169 naacuparetur,
723 4098 754 4152 ad
770 4109 822 4151 tro·
851 4175 853 4184 γ
874 4099 994 4170 (quamvis
1007 4100 1069 4170 ipsis
1079 4101 1246 4169 nominibus,
1257 4125 1323 4178 quae
1334 4107 1415 4164 rebus

287 4203 333 4256 pos
357 4183 456 4239 delatus
476 4185 598 4265 situlam
621 4183 698 4254 longe
716 4184 821 4255 petitos,
871 4182 999 4253 imponit,
1023 4196 1067 4238 aut
1085 4185 1112 4238 in
1133 4207 1265 4242 summam
1283 4191 1415 4270 iqsidiam

286 4279 315 4322 ut
326 4267 453 4322 rationem
467 4287 559 4324 eorum
573 4270 626 4340 ipse
636 4273 723 4322 animo
737 4271 820 4337 magis
872 4285 914 4321 ens
935 4271 1015 4338 rapit,
1040 4281 1086 4324 ant
1104 4272 1301 4329 subsannationi
1318 4281 1415 4331 acerrl⁴

287 4351 387 4424 placido
399 4353 441 4406 vix
460 4354 608 4422 probasset,
628 4353 742 4422 adeoque
759 4351 820 4404 huie
871 4371 930 4406 mae
948 4353 1061 4424 exponit.
1083 4358 1136 4422 Aa,
1159 4359 1231 4432 quod
1257 4380 1348 4414 rerum
1368 4381 1414 4416 eo.
1489 4412 1496 4431 ·

287 4435 327 4490 sei
338 4432 455 4504 indulsit,
464 4447 493 4492 ut
507 4435 548 4494 sel
559 4435 664 4509 pudoris
675 4436 725 4502 sui,
740 4453 820 4508 quens
871 4437 1017 4508 gnitionena
1029 4459 1174 4514 summam,
1192 4445 1338 4504 doctrinam
1355 4466 1414 4504 non
