3098 5498
559 419 711 482 sartan
748 422 837 481 1111.
1169 391 1254 482 155

131 617 290 720 ,Turpia
310 615 488 705 eerrloni,
507 616 664 692 Volesos
682 621 919 720 Brutumque
940 619 1141 697 decebant.

196 733 320 828 Quid,
340 737 371 808 si
387 761 583 836 nunquam
603 734 697 809 adeo
717 733 835 811 foedis
855 735 1027 839 adeoque
1047 736 1234 843 pudendis

144 851 297 923 Vtimur
316 848 519 952 exemplis,
537 867 674 923 utnon
693 852 823 953 peiora
842 855 1062 956 supersint?

145 965 356 1038 Consumtis
376 963 511 1068 opibus
531 989 681 1054 vocem,
703 967 927 1070 Damasippo
938 1023 951 1058 ,
970 967 1100 1043 locasti
1214 1004 1262 1052 «ες

141 1079 315 1182 Sipario,
332 1076 537 1153 clamosum
558 1105 686 1180 ageres
704 1095 748 1154 ut
759 1079 918 1154 Phasma
938 1080 1091 1159 Catulli.

142 1193 371 1270 Laureolum
389 1194 497 1272 velox
519 1197 629 1270 etiam
647 1195 745 1271 bene
761 1195 946 1272 Lentulus
964 1201 1065 1300 egit,

143 1311 273 1386 Iudice
292 1339 348 1386 me
366 1312 501 1414 dignus
520 1339 608 1389 vera
627 1339 762 1388 cruce:
790 1340 860 1390 neo
880 1332 1004 1390 tamen
1022 1317 1091 1418 ipsi

142 1430 316 1530 Ignoscas
336 1427 505 1533 populo;
533 1429 668 1534 populi
685 1429 792 1506 frons
812 1431 947 1506 durior
963 1433 1095 1523 huius,

143 1547 218 1640 Qui
236 1546 341 1620 sedet
359 1564 397 1620 et
416 1565 560 1651 spectat
579 1549 775 1622 triscurria
802 1551 1068 1650 patriciorum,
1214 1579 1261 1630 {90

141 1662 367 1768 Planipedes
389 1664 493 1738 audit
511 1663 668 1754 Fabios,
689 1663 815 1738 ridere
833 1683 956 1770 potest
976 1668 1043 1770 qui

142 1781 421 1853 Mamercorum
435 1777 582 1883 alapas.
601 1781 740 1874 Quanti
760 1807 825 1854 sua
844 1779 978 1854 funera
1000 1777 1185 1866 vendant,

142 1891 247 1985 Quid
267 1891 414 1968 refert?
437 1893 621 1968 Vendunt
638 1893 746 1969 nullo
767 1912 926 1997 cogente
944 1897 1108 1982 Nerone,

143 2009 251 2083 *Nec
269 2007 444 2082 dubitant
463 2008 553 2084 celsi
574 2013 760 2114 praetoris
780 2009 945 2087 vendero
962 2009 1073 2086 ludis.

143 2123 261 2226 Finge
274 2141 398 2200 tamen
413 2121 556 2228 gladios
569 2124 673 2218 inde,
687 2106 903 2232 atquelrinc
917 2125 1064 2234 pulpita
1076 2152 1190 2232 pone:
1212 2160 1258 2209 ,95

181 2339 238 2388 182.
254 2333 364 2390 Volscos
384 2344 424 2392 ts.
446 2343 486 2392 24.
507 2345 548 2392 27.
567 2345 677 2393 45-49,
727 2342 759 2395 sd
776 2345 821 2407 vt,
840 2347 899 2396 245.
925 2347 1022 2398 Totum
1041 2353 1128 2397 mmen
1152 2355 1257 2394 versum

148 2423 190 2472 57.
212 2424 252 2472 58.
271 2427 311 2472 77.
333 2420 424 2474 Volsos
445 2427 486 2476 7⁵.
511 2423 550 2475 76.
571 2423 679 2475 Volscos
726 2423 839 2492 suspicor
851 2422 1006 2476 eliciendum
1024 2435 1156 2491 tamquam
1171 2419 1253 2472 insiti·

149 2503 351 2575 tt—Brraosqne
370 2511 411 2559 2⁵.
432 2511 595 2562 tntu-5⁰.
611 2515 678 2561 64-
728 2507 804 2557 tium.
831 2505 949 2558 Primum
966 2507 1036 2558 enirn
1049 2504 1189 2558 admodum
1204 2502 1259 2553 lan·
1320 2535 1323 2540 -

123 2595 125 2598 '
147 2590 191 2638 69.
206 2593 313 2640 71-74.
327 2595 369 2641 77.
727 2597 802 2658 guet,
820 2587 942 2656 qnoniam
964 2588 1055 2642 eadem
1080 2589 1207 2642 sententia
1231 2585 1259 2636 in

185 2674 240 2722 187.
264 2668 349 2723 Veto:
368 2672 464 2723 maiore
487 2671 562 2726 litera
587 2671 678 2727 initiali
729 2692 767 2726 rs.
779 2692 863 2743 praee.
877 2673 957 2740 inest,
972 2672 1065 2724 deinde
1077 2671 1184 2724 verbnm
1195 2687 1257 2721 ven-

146 2752 272 2821 scriusere
284 2755 398 2809 Far-nab.
409 2767 434 2808 et
447 2755 498 2809 elii.
514 2758 565 2810 Sed
574 2759 678 2810 botulo
728 2757 786 2807 dere
802 2757 830 2808 in
849 2775 874 2808 v.
899 2759 1039 2809 192-194.
1058 2765 1096 2806 ter
1113 2752 1258 2822 reperitur,

144 2835 249 2888 assidam
265 2835 314 2889 hoc
326 2855 469 2908 cognomen
482 2839 578 2903 fnisse,
593 2840 678 2911 legere
728 2839 841 2913 denique
854 2840 975 2894 Claudius
988 2844 1053 2910 lmp.
1064 2839 1115 2890 iam
1126 2842 1257 2891 Praetores

145 2916 218 2969 ltaud
240 2919 364 2979 memini,
385 2929 411 2972 et
427 2920 463 2975 sic
478 2921 547 2974 locus
565 2921 678 2994 languet.
729 2931 844 2974 vetuerat
865 2921 940 2974 edere
961 2919 1111 2990 gladiatoria
1133 2936 1257 2980 munera,

145 3003 225 3056 Po'e‘ta
241 3021 295 3056 non
309 3002 382 3056 facile
397 3006 678 3060 nomenalicuiusoum
729 3023 809 3074 eaque
832 3003 1014 3074 Quaestoribus
1039 3001 1183 3055 iniunxerat
1210 3019 1259 3069 pro

144 3084 300 3154 cognomine
326 3088 493 3154 memorabit,
521 3089 565 3142 sed
594 3089 680 3160 potius
728 3102 839 3144 stratura
857 3092 977 3153 viarum,
999 3087 1067 3142 uude
1087 3087 1111 3139 ht
1130 3084 1146 3138 l.
1168 3083 1259 3137 saltent

143 3165 294 3236 epitheton,
317 3169 371 3222 eins
388 3181 493 3224 naturae
511 3173 678 3242 moribusque
731 3172 873 3242 Quaestoris
884 3169 1065 3240 proPraetoris
1078 3165 1259 3238 retingendum

143 3261 252 3318 aptum,
270 3252 343 3304 cuites
363 3262 450 3306 umen
472 3256 552 3307 visse
569 3265 679 3324 potestas
730 3254 812 3307 videri
832 3257 924 3322 possit:
952 3270 1037 3322 neque
1055 3251 1132 3304 huius
1149 3248 1260 3303 instituti

145 3335 176 3386 in
189 3335 278 3389 Satiris
296 3355 370 3406 saepe
385 3337 464 3398 dobin
479 3349 517 3392 est
528 3349 554 3390 et
567 3339 663 3393 incerta
671 3380 679 3405 ,
729 3338 899 3392 mutationem
924 3339 1018 3392 saetam
1048 3336 1175 3408 legimns,
1210 3333 1261 3388 nisi

144 3421 270 3486 quoniam
283 3439 337 3474 non
347 3421 407 3474 satis
417 3419 547 3492 cognitam
557 3421 681 3478 habemns
731 3433 844 3492 ternpore
856 3425 1009 3486 Commeni,
1025 3421 1094 3491 quod
1111 3419 1215 3488 colligas
1228 3436 1259 3468 ex

142 3521 299 3571 personam,
327 3521 391 3572 quae
416 3522 447 3557 eo
474 3504 680 3576 insignitum—et
730 3505 880 3574 Lampridio
895 3503 967 3558 Alex.
985 3512 1026 3576 41.
1044 3504 1087 3556 ubi
1097 3515 1207 3573 presente
1220 3499 1259 3566 (s.

143 3589 373 3644 sarracenas.
728 3586 902 3654 praesidente)
930 3586 1050 3640 Praetore
1079 3583 1259 3637 Commodiano

185 3673 243 3722 183.
261 3687 291 3720 ne
302 3673 438 3722 1111111125.
453 3673 492 3722 59.
730 3669 868 3735 saepissime
888 3668 1053 3738 gladiatorem
1065 3682 1187 3735 pugnasse
1201 3679 1257 3714 me·

183 3755 244 3804 489.
259 3752 346 3805 denar
358 3753 459 3806 ittam.
730 3759 823 3804 morat.
849 3747 907 3804 Nea
925 3752 1034 3804 amima
1056 3750 1114 3800 selst'
1136 3758 1262 3817 praetores

185 3838 245 3888 499.
261 3835 301 3887 De
319 3853 377 3889 voc.
393 3838 521 3890 trisaaria
536 3855 561 3894 ν.
577 3839 681 3892 Excurs.
730 3854 826 3888 eernere
838 3832 1133 3897 marmoricham,
1148 3833 1194 3901 qui
1205 3848 1262 3883 mo-

145 3914 182 3968 ad
197 3915 224 3968 lt.
238 3914 258 3970 l.
731 3930 792 3983 net,
814 3918 850 3971 ita
877 3917 931 3973 tolli
952 3919 1059 3970 verbum
1080 3915 1201 3979 vendere,
1223 3922 1263 3964 ter

184 4006 241 4054 191.
274 3997 474 4073 Platip'edeeqns
505 4007 548 4058 60.
579 4011 680 4059 tim-V.
726 3995 919 4073 'repetitum,et
929 4002 1063 4074 periodum
1076 4003 1148 4074 gravi
1161 4010 1262 4052 senten·

146 4103 208 4155 sup.
222 4085 255 4138 ad
269 4089 290 4150 1,
303 4093 327 4140 3.
731 4083 919 4150 determinari,
934 4082 1191 4152 turpissimumenim
1201 4098 1263 4144 esse,

185 4174 242 4224 192.
254 4173 358 4226 valerem
370 4173 483 4226 vendant
496 4179 538 4228 26.
734 4173 813 4224 etiarn
830 4182 957 4241 praetores
974 4169 1001 4222 in
1021 4169 1071 4223 illis
1085 4168 1150 4222 ludis
1166 4187 1264 4222 astitere

185 4259 241 4307 194.
254 4255 312 4308 celsi
322 4256 406 4324 recepi
418 4275 432 4310 e
444 4261 483 4310 60.
494 4263 568 4310 (15.1.
578 4259 680 4310 Comm.
734 4255 762 4308 lt.
781 4273 805 4307 e.
827 4255 980 4320 decernere,
1000 4253 1033 4306 de
1053 4271 1104 4322 qno
1125 4272 1151 4306 v.
1165 4251 1264 4330 Hessel.

147 4336 218 4391 Celsi
240 4338 267 4390 in
290 4339 362 4392 libris
382 4351 480 4394 tantum
501 4343 686 4396 nonomnibus
736 4341 767 4394 sd
781 4341 850 4392 Enn.
863 4361 886 4409 p.
906 4344 964 4394 100.
1226 4331 1236 4334 ”

145 4422 249 4492 legitur.
269 4425 309 4477 De
322 4423 524 4480 Celsol'rsetsre
540 4444 566 4481 s.
584 4429 686 4480 Corum.
775 4399 831 4482 4⁸95.
848 4424 914 4494 ths
932 4427 973 4480 24.
994 4429 1035 4481 57.
1050 4421 1181 4478 59-111111
1194 4434 1267 4490 aura
