3120 5494
298 336 393 452 364
496 420 498 429 ,
541 316 549 334 ’
754 364 890 422 pensu
938 369 1005 408 ····-

292 567 479 664 Quidnem
494 569 609 671 igitur
628 583 812 654 tenerum,
826 583 865 640 et
876 565 962 640 lexa
975 565 1121 640 cervice
1133 560 1356 666 legendum?
1378 589 1382 594 ·

296 691 421 762 Torva
437 688 691 786 Mimalloneis
711 687 899 784 inplerant
914 709 1059 758 cornua
1078 683 1244 772 bombis,

292 806 332 877 E
332 819 346 876 t
363 820 512 902 raptam
532 803 648 877 uitulo
669 817 779 899 capnt
798 801 974 874 ablaturo
993 800 1147 898 superbo
1362 829 1411 880 400

293 921 492 1008 BassariS,
508 935 544 991 ct
563 917 707 1019 lyncem
725 917 886 990 Maenas
894 915 1059 1014 flexura
1077 913 1288 1014 corymbis,

293 1037 417 1110 Esion
437 1039 672 1133 ingeminat:
691 1031 910 1131 reparabilis
928 1030 1093 1104 adsonat
1112 1026 1228 1102 Eclzo.

293 1293 346 1348 qua
358 1275 459 1345 ineptus
465 1273 511 1326 iste
517 1271 679 1328 Aristarchus
690 1291 751 1325 usus
762 1281 826 1337 eret,
878 1271 920 1322 bus
933 1269 1036 1341 proprie
1057 1287 1151 1333 sontis,
1165 1285 1244 1336 quem
1261 1283 1321 1336 apes
1337 1266 1415 1319 edere

293 1356 423 1427 simulque
436 1368 521 1411 totum
531 1358 585 1409 eius
595 1357 628 1408 de
641 1355 825 1408 versibusVir·
878 1352 999 1406 dicuntur
1014 1371 1123 1406 examen
1135 1368 1234 1404 novum
1251 1351 1410 1415 emissuree3

294 1436 541 1509 gilianisiudicium.
558 1437 694 1491 Meisterus
711 1435 764 1490 l.e.
782 1455 825 1490 ve·
878 1437 971 1492 deinde
998 1455 1076 1492 sonus
1107 1453 1247 1490 cornuum.
1317 1437 1414 1505 iliplere

293 1523 346 1575 rios
359 1521 530 1593 interpretum
552 1541 629 1591 super
642 1521 669 1574 h.
688 1521 704 1574 l.
722 1532 828 1577 conatm
877 1543 968 1578 eornnn
984 1525 1078 1577 amon
1090 1539 1136 1593 pro
1153 1521 1246 1575 inllere
1262 1539 1366 1574 cornua.
1382 1542 1408 1574 r.

294 1604 419 1677 conlegit,
442 1606 469 1658 in
491 1605 611 1659 ordinem
633 1604 754 1676 dige'ssit,
769 1605 825 1658 sin·
880 1613 938 1661 tot.
951 1607 1067 1661 Bassaris
1080 1609 1097 1660 i.
1111 1605 1239 1676 qhaechn
1250 1625 1264 1657 a
1275 1606 1414 1658 Bassmens

294 1689 370 1762 gulos
384 1691 539 1745 examinavit
549 1701 576 1745 et
584 1691 678 1743 reiecit.
687 1693 741 1760 lpse
750 1687 826 1743 eliam
878 1709 996 1763 cognom.
1014 1690 1112 1744 Bacchi.
1131 1693 1256 1752 Maenas,
1274 1693 1405 1758 speive:-

294 1773 483 1846 interpretandi
514 1775 584 1828 viam
611 1776 740 1846 ingressus
770 1786 827 1838 est,
877 1775 934 1829 Bne.
952 1777 1067 1848 bissem,
1088 1791 1165 1826 curru
1178 1771 1269 1825 bacehi
1286 1773 1413 1825 iunctum.

295 1876 374 1927 quern
396 1856 481 1911 multo
507 1861 627 1912 acumine
644 1858 828 1929 doctrinaeque
878 1857 1015 1928 corymbis,
1040 1854 1149 1907 hederae
1170 1853 1309 1906 ranemulis
1326 1855 1411 1906 inretu

294 1937 420 2010 elegantia
433 1939 480 1994 sibi
494 1942 652 1994 muniverat.
661 1940 828 2012 Argumentis
877 1959 967 1993 croceo
979 1957 1024 1992 seu
1038 1939 1120 1992 buccis
1131 1938 1238 2001 ornetis,
1251 1937 1411 1990 habenarum

294 2021 433 2086 omnibus,
464 2022 559 2094 quibus
588 2019 632 2074 ille
662 2021 827 2076 doctissimus
878 2027 942 2078 loco.
963 2043 989 2080 v.
1017 2028 1076 2078 402.
1101 2024 1201 2088 Eniort,
1224 2021 1309 2087 eitun,
1336 2041 1411 2093 cogn.

293 2103 448 2156 sententiam
461 2120 533 2157 mem
548 2107 702 2158 confirmare
715 2105 826 2168 studuit,
876 2109 977 2162 bacehi.
1020 2089 1189 2179 ‘reparabilis
1212 2107 1239 2158 h.
1262 2107 1281 2160 l.
1310 2108 1410 2169 nctire,

294 2185 412 2252 omissis,
434 2206 537 2240 sensum
556 2199 673 2254 tantum,
687 2207 764 2258 quem
782 2209 824 2242 nr·
878 2215 925 2268 pro
952 2213 1028 2250 sonos
1056 2193 1163 2247 iterans.
1200 2193 1259 2246 Non
1288 2211 1411 2262 quaeren-

294 2269 405 2324 bitratur
422 2271 461 2324 his
486 2271 585 2326 duobus
612 2274 726 2326 versibus
747 2277 827 2328 conti·
878 2279 941 2332 ditm
952 2277 1045 2344 solnm,
1057 2277 1119 2346 quid
1133 2278 1160 2328 in
1175 2277 1214 2328 his
1226 2276 1343 2331 versibus
1355 2295 1410 2329 om·

295 2355 363 2419 neri,
382 2355 512 2409 adseram:
536 2358 638 2414 Persius
658 2360 736 2429 priori
750 2379 828 2415 versu
878 2363 941 2416 nino
960 2359 1201 2432 reprehendendum
1221 2359 1268 2424 sit,
1284 2359 1329 2412 sed
1346 2359 1410 2428 quid

296 2441 413 2509 qrrnerits
432 2462 517 2496 nonne
537 2443 601 2497 teies
615 2445 732 2498 versiculi
751 2453 828 2500 v.93.
878 2443 978 2498 Persius
1004 2435 1203 2514 reprehensione
1224 2443 1333 2513 dignum
1347 2462 1409 2494 cen·

296 2529 338 2590 94.
357 2532 399 2579 95.
419 2523 530 2590 leviter,
552 2547 657 2597 spumae
678 2539 704 2583 et
727 2530 828 2584 mrticis
877 2529 965 2583 suerit.
995 2528 1109 2596 Quidem
1136 2527 1299 2592 existimant,
1323 2545 1412 2578 versus

295 2607 385 2673 instar,
404 2610 507 2662 fluitur?
523 2622 552 2664 ut
573 2611 598 2664 il
615 2614 697 2683 magis
713 2612 828 2684 lepidum
878 2608 972 2662 molles
983 2608 1062 2662 factos
1072 2627 1126 2662 esse
1139 2610 1164 2660 in
1178 2611 1268 2678 primis
1282 2625 1324 2671 eo,
1339 2607 1411 2677 quot

294 2691 430 2758 reddetur,
454 2694 522 2746 iuret
541 2713 586 2763 per
598 2695 702 2765 Virgilii
714 2715 827 2752 eirenen.
878 2695 978 2764 primus
988 2703 1014 2746 et
1027 2693 1126 2757 tertius,
1135 2693 1262 2746 secundus
1270 2703 1295 2746 et
1301 2705 1409 2762 quartus

293 2777 422 2848 Sequenti
444 2797 520 2830 versu
537 2780 590 2850 ipse
608 2781 657 2832 sibi
677 2783 827 2851 respondet:
878 2795 967 2829 vernes
979 2777 1006 2828 in
1017 2775 1130 2848 syllabas
1142 2777 1258 2829 eiusdem
1274 2776 1330 2828 soni
1344 2775 1412 2828 desi·

295 2871 378 2925 recte,
397 2859 467 2914 leves
487 2873 547 2914 sunt
565 2881 664 2928 versus,
685 2877 712 2917 ut
731 2869 828 2920 ramale
878 2872 949 2925 nent,
967 2871 993 2914 et
1012 2861 1080 2930 quod
1095 2862 1121 2912 in
1134 2861 1235 2930 primo,
1250 2860 1364 2914 serrendo
1386 2869 1413 2912 et

254 2975 256 2984 ι
295 2957 365 2995 vetus
377 2955 424 2998 cet.
878 2944 955 2997 tertio
969 2961 1045 2996 versu
1059 2961 1090 2996 eo
1107 2943 1175 3007 loco,
1192 2941 1236 2996 nbi
1253 2961 1314 2995 cnm
1332 2943 1413 2996 verbo

329 3033 370 3080 98.
385 3031 440 3080 lem
454 3027 564 3098 postulat
585 3029 693 3094 Noster,
706 3045 734 3086 ut
746 3031 828 3085 risum
878 3031 956 3082 etiam
974 3045 1017 3098 pes
1036 3029 1207 3095 terminetur,
1220 3027 1319 3100 syllaba
1333 3030 1408 3080 inve-

295 3106 442 3159 effusiorem
457 3107 595 3164 lectoribus
607 3123 724 3176 movent,
738 3131 825 3166 exem·
878 3111 965 3165 nietur
982 3111 1099 3164 eiusdem
1119 3129 1197 3164 sonus
1210 3131 1269 3171 cum
1282 3122 1412 3180 postrema

295 3187 370 3259 plum
382 3189 527 3245 istiusmodi
541 3195 828 3266 versuum,quiinepto
878 3214 966 3250 versus
984 3193 1091 3266 syllaba.
1117 3197 1217 3249 Verum
1233 3197 1261 3248 in
1283 3196 1404 3247 honum-

295 3271 441 3326 ndverserin
460 3279 612 3347 probentur.
633 3279 762 3349 Quidnam
774 3285 824 3352 igi·
878 3299 957 3352 quem
977 3279 1115 3334 mollitiem
1136 3291 1179 3333 eut
1199 3279 1355 3350 elegantiam
1372 3299 1412 3349 pn

293 3365 333 3426 tur
357 3369 465 3410 tenerum
489 3360 592 3430 respicit
613 3358 661 3414 hoc
682 3361 827 3417 iuncturam
877 3361 958 3413 suisse
972 3369 1087 3423 veteres,
1105 3358 1209 3412 aliunde
1228 3365 1407 3421 nouconstnt,

295 3457 374 3508 esque
399 3441 501 3504 omnin,
525 3444 619 3514 quibus
637 3463 724 3498 versus
746 3447 828 3500 teneri
877 3455 1010 3515 potestque
1027 3444 1094 3509 fieri,
1114 3453 1142 3496 nt
1159 3443 1204 3508 id,
1224 3443 1295 3516 qnod
1309 3461 1409 3511 semper

295 3529 322 3571 et
346 3518 438 3573 molles
465 3523 616 3579 redduntur.
643 3527 703 3580 lana
721 3507 826 3582 bernice.
879 3528 1000 3582 vitiosum
1013 3526 1129 3578 habitum
1143 3537 1194 3590 est,
1207 3545 1267 3579 casu
1280 3525 1366 3595 aliquo
1382 3525 1408 3576 in

294 3603 349 3654 Hoc
363 3603 479 3676 intelligo
490 3606 522 3659 de
535 3608 719 3682 recitante,qui
732 3611 823 3681 capitis
877 3611 935 3665 illos
954 3629 1043 3664 versus
1058 3611 1202 3680 inrepserit,
1219 3621 1248 3663 ut
1263 3611 1291 3662 in
1304 3610 1409 3680 optimis

295 3685 428 3740 nutatione
450 3699 476 3742 et
493 3693 781 3747 motu'concinnitatem
800 3705 825 3750 et
876 3705 903 3748 et
913 3697 1072 3747 Graecorum
1086 3704 1113 3747 et
1127 3697 1301 3746 Romanorum
1313 3697 1408 3747 cerrui-

294 3789 433 3825 «sumerum
452 3793 574 3828 versuum
595 3779 776 3850 prosequitur,
797 3781 823 3833 id
876 3777 953 3832 uibus
961 3775 1030 3830 hartel
1046 3795 1103 3830 raro
1116 3775 1352 3847 deprehendimus,
1374 3788 1409 3828 nt»

294 3856 363 3923 quod
380 3858 498 3929 inprobet
515 3863 605 3917 Cicero
615 3867 643 3918 in
656 3865 728 3918 Oret.
744 3873 784 3920 ts.
796 3877 825 3919 ‘et
875 3879 926 3931 que
943 3859 1019 3933 longe
1046 3859 1117 3913 aliud
1135 3857 1182 3925 sit,
1210 3871 1314 3930 propter
1338 3858 1408 3932 quod

293 3939 384 3995 Senes.
400 3943 480 4012 Epist.
496 3953 551 3999 4¹4.
876 3946 971 3998 Noster
994 3943 1052 3997 illos
1076 3961 1163 3996 uersus
1184 3943 1342 3997 excitaverit.
1360 3945 1410 3993 Fu·

327 4029 454 4081 99-402.
484 4031 616 4101 inplerunt.
641 4033 824 4086 Nominntivus
875 4029 928 4081 sius
951 4028 984 4080 de
1000 4037 1127 4081 structura
1157 4028 1251 4078 horum
1284 4043 1408 4079 versuum

294 4105 403 4161 omissus
418 4122 465 4165 est.
480 4115 655 4170 Mimalloneis
667 4117 767 4171 hainin.
780 4125 823 4187 μί·
876 4111 929 4183 egit
949 4111 1055 4165 lacobus
1081 4110 1249 4164 Bononiensis
1281 4109 1409 4162 Thesaur.

240 4205 244 4212 '
295 4183 428 4254 petina,
454 4192 573 4264 βάκχαι,
598 4194 746 4267 βοηδρόμοι.
787 4199 826 4248 De
876 4193 956 4248 critic.
972 4197 1003 4245 T.
1023 4197 1043 4248 1.
1062 4213 1087 4264 p.
1109 4199 1168 4248 667.
1187 4193 1316 4247 edGrut.
1334 4197 1409 4246 Cete-

288 4266 349 4320 *istis
363 4272 524 4341 mulieribus,
538 4278 626 4332 Bacchi
640 4298 744 4332 etenum
756 4298 826 4349 pree·
876 4297 935 4332 rum
954 4277 1032 4348 pluro·
1045 4278 1141 4332 dehent
1160 4297 1215 4332 esse
1232 4278 1311 4331 initis
1325 4283 1407 4331 versi-

295 4353 454 4422 eedentibus,
469 4379 560 4429 perum
573 4373 664 4418 notum
680 4373 725 4418 est.
744 4364 828 4421 Bom-.
876 4363 937 4430 bus,
961 4363 1016 4418 sive
1033 4363 1144 4418 Neronis
1161 4364 1222 4427 sint,
1239 4375 1267 4418 ut
1281 4373 1355 4418 vetus
1368 4364 1407 4415 in·
