3028 5492
299 351 449 443 cxxiv·
793 381 931 448 runnx

299 578 339 640 ad
358 579 491 662 priorem
511 577 689 662 pierumque
708 579 819 658 rediit,
841 603 867 643 a.
890 579 976 644 1535.
999 581 1043 646 Ex
1062 581 1148 646 iis'at
1165 581 1304 669 quidem
1324 585 1410 670 qaod

298 675 438 750 mireris,
459 676 553 756 magis
574 697 612 737 ex
633 675 749 756 prima,
769 697 861 757 quam
881 677 1039 754 monada,
1067 679 1173 740 dirutae
1193 695 1262 744 saut
1283 685 1410 746 iuntiua

298 768 550 839 Florem-1513,
583 791 673 853 quam
695 780 794 830 tamen
815 770 988 832 nonduma
1025 793 1177 856 quoquam
1212 777 1315 839 oritiea
1337 800 1412 842 cum

299 879 372 922 cura
393 874 424 922 et
452 861 615 923 subtilitate
649 885 802 924 excussam
835 885 898 926 esse
929 860 1033 940 doleo,
1063 869 1290 950 Argentinensis
1324 872 1411 934 1518.

301 956 386 1034 1527.
407 959 525 1039 egregia
556 957 661 1033 editio,
690 959 839 1020 Parisinae
858 959 931 1020 Sim.
954 963 1092 1022 Colinuei
1113 963 1305 1028 porismata.
1323 965 1411 1028 1535·
1430 1020 1435 1028 .

300 1050 386 1125 ¹54²·
407 1053 540 1113 Venetae
560 1053 699 1135 Stagraini
722 1054 807 1116 1530.
843 1055 928 1118 1535.
950 1052 1123 1118 Basiieensis
1153 1059 1296 1120 Curionis
1321 1060 1412 1124 1531.

300 1144 499 1225 Grrphianae
527 1147 622 1228 Lugd.
645 1148 732 1222 1534.
758 1149 842 1211 1538.
867 1150 952 1222 1546.
978 1151 1063 1212 1560.
1100 1151 1194 1212 Paris.
1219 1152 1414 1234 1555.Log-

297 1236 447 1304 dunenses
468 1241 612 1302 Frellonii
630 1263 668 1303 ex
689 1263 750 1304 reo.
770 1245 855 1305 Iunii
879 1245 963 1306 1556.
987 1247 1075 1307 1562.
1102 1247 1188 1320 1564.
1212 1267 1287 1328 quaa
1309 1257 1415 1310 umen

300 1353 404 1396 omnes
423 1337 532 1418 passim
554 1348 584 1400 et
603 1336 788 1414 ubaldinis,
810 1351 841 1400 et
860 1361 877 1400 a
896 1361 927 1402 se
949 1340 1081 1404 invicem
1103 1341 1271 1402 discedunt.

313 1429 468 1490 nexium
496 1431 640 1492 Aldinnm
670 1429 881 1514 expresserunt
905 1437 995 1496 etiam
1017 1436 1290 1514 liod'Stepiaanur
1320 1434 1344 1495 1.
1366 1435 1413 1496 in.

298 1523 390 1584 Paris.
413 1527 599 1604 15441549.
620 1535 651 1586 at
666 1529 781 1587 Theod.
798 1527 983 1590 Pulmaanus
1005 1531 1036 1588 in
1050 1529 1248 1590 Plautiniauis
1259 1530 1406 1611 Antrerp.

301 1619 491 1684 1555.1565.
518 1621 603 1684 1585.
628 1623 712 1704 1587.
733 1623 832 1706 Lugd.
858 1623 1016 1700 1590.sed
1038 1623 1131 1684 multa
1151 1633 1352 1686 correxerunt
1370 1644 1410 1688 ex

298 1715 495 1780 membranis.
1412 1739 1417 1746 ’

313 1855 316 1862 ,
340 1810 451 1872 Melior
470 1811 580 1874 deiude
609 1810 744 1872 iuuenali
765 1809 818 1870 lux
840 1811 949 1872 affulsit
968 1831 1059 1894 opera
1091 1815 1126 1873 P.
1153 1814 1272 1874 Pitizuei
1292 1823 1332 1896 et
1342 1816 1413 1876 Nic.

298 1904 512 1988 sigalat‘llle
533 1927 602 1967 eum
624 1925 729 1985 magua
749 1926 818 1964 oum
839 1927 911 1966 cura
938 1906 1104 1988 oritieaque
1124 1907 1242 1968 solertia
1258 1909 1413 1969 recensuit

299 2003 338 2063 ad
359 2002 447 2062 fidem
469 2002 558 2063 codd.
580 2001 665 2064 MSS.
689 2003 789 2060 Lutet.
813 2001 897 2064 1585.
916 2023 1007 2084 quam
1028 2002 1191 2063 editionem
1202 2003 1411 2064 Commelinus
1483 2049 1488 2056 ι

301 2099 422 2178 repetiit
442 2096 578 2158 Heidelb.
616 2095 702 2174 1590.
735 2095 865 2157 Maxime
886 2106 986 2159 tamea
1009 2097 1146 2158 omnium
1176 2097 1215 2160 de
1236 2097 1412 2180 integritate

288 2199 458 2252 ¹cantoratus
480 2189 628 2251 luvenalis
648 2191 830 2271 promeritus
851 2199 894 2250 est
913 2193 980 2250 Nic.
1005 2193 1170 2274 Rigalu’us,
1190 2192 1276 2250 ouius
1299 2190 1412 2250 editio-

300 2307 370 2346 nem
393 2287 465 2346 flob.
477 2285 646 2366 Stephanus
668 2285 721 2344 111.
742 2285 840 2344 Latet
865 2285 950 2348 1613.
972 2295 1002 2346 et
1026 2287 1110 2348 1616.
1142 2286 1228 2365 prelo
1247 2306 1301 2353 suo
1315 2307 1412 2346 exeu-

189 2439 193 2448 ,
300 2378 431 2440 dandam
455 2379 580 2440 curavit.
601 2380 630 2440 Is
651 2385 775 2461 poetae,
796 2377 868 2437 oiim
889 2399 1073 2460 magnopere
1093 2377 1282 2453 deformato,
1302 2379 1326 2439 si
1346 2399 1411 2440 nou

302 2473 392 2554 piane
412 2495 512 2536 reram
533 2495 569 2535 ac
583 2474 754 2556 genuinam,
768 2481 851 2535 certe
869 2482 1024 2536 venustam
1037 2473 1169 2535 reddidit
1187 2473 1315 2550 faeiem,
1334 2495 1394 2557 qua

300 2567 368 2628 satis
384 2566 501 2648 placere
526 2569 627 2648 possit.
898 2540 930 2600 Ψ
1365 2597 1369 2604 ·

341 2663 409 2723 Post
423 2663 578 2724 Pithoeum
599 2671 629 2723 et
640 2660 822 2742 Rigaitium‚
846 2660 983 2745 adeoque
997 2662 1082 2723 annis
1096 2661 1206 2724 abhinc
1221 2661 1413 2725 ieredaoen-

299 2757 355 2834 tis,
383 2779 443 2818 non
463 2759 521 2818 fuit
540 2759 602 2819 fere
624 2757 797 2840 quisquam,
813 2757 865 2840 qui
885 2758 1013 2818 muitum
1033 2776 1163 2840 operae,
1182 2758 1230 2819 vei
1250 2778 1315 2820 eam
1331 2755 1413 2818 felici

300 2873 446 2913 successu,
457 2853 489 2910 in
510 2852 651 2914 Iuvenale
666 2851 852 2913 recensendo
868 2861 1004 2934 poneret.
1025 2853 1218 2936 Antiquiorea
1233 2853 1412 2933 pierumque

300 2943 445 3006 lectiones
474 2943 667 3006 adsciverant
687 2945 769 3004 Etru.
791 2946 943 3018 Ladmus,
963 2967 979 3004 a
999 2967 1060 3027 quo
1085 2955 1146 3006 tres
1167 2944 1360 3004 membranae
1379 2945 1413 3004 in

301 3037 462 3102 eonsilium
482 3041 634 3102 adhibitae
660 3051 746 3114 aunt,
774 3041 805 3100 in
826 3040 912 3101 editt.
933 3043 1054 3104 Rostoo.
1079 3041 1164 3102 1603.
1186 3042 1302 3102 Honor.
1327 3039 1412 3100 1603.

306 3154 390 3215 1929.
411 3146 443 3196 et
463 3137 621 3196 Maiuaire
639 3136 671 3196 in
692 3136 763 3194 edit.
786 3134 885 3194 Lond.
911 3139 994 3214 1716.
1016 3136 1099 3196 cuius
1120 3157 1209 3194 omne
1231 3135 1361 3215 pretium
1374 3155 1420 3196 ex·

300 3233 451 3294 variarum
466 3230 628 3291 lectionum
648 3230 774 3291 elaaoho
789 3239 819 3289 et
834 3230 937 3292 lodice
952 3231 1113 3292 verborum
1125 3228 1244 3311 pendet.
1264 3229 1413 3288 Recenaio

301 3334 401 3386 autern
423 3325 586 3403 Rigaltiana
609 3333 723 3383 tantum
745 3343 807 3382 non
829 3323 947 3406 integra
967 3325 1110 3384 restituta·
1123 3335 1168 3382 est
1182 3324 1211 3381 in
1233 3321 1415 3383 editionibus

301 3420 516 3482 &droedonis
538 3420 635 3500 Lugd.
655 3419 717 3479 Bar.
742 3420 1168 3492 adid-1884.Henniniana
1190 3418 1301 3478 Vitrai.
1324 3421 1414 3482 1685.

302 3525 332 3576 et
352 3516 447 3596 Lugd.
462 3517 522 3575 But.
550 3514 635 3592 1695.
663 3521 754 3583 (nam
769 3515 939 3574 Henninins
959 3535 1020 3573 uon
1042 3535 1151 3574 noram
1173 3516 1289 3575 curavit
1302 3535 1416 3576 reeen-

301 3612 435 3686 aionem,
456 3609 508 3670 sed
528 3607 703 3690 exemplum
724 3607 971 3670 Schreveiianum
993 3609 1092 3688 operia
1112 3607 1243 3669 librariis
1258 3609 1416 3670 uenden-

300 3703 374 3763 dum
395 3703 519 3764 tradidit
539 3711 569 3764 et
589 3706 691 3785 pausis
712 3712 829 3763 tantum
850 3703 924 3766 louis
944 3703 1097 3776 correxit,
1123 3701 1206 3783 quod
1227 3703 1288 3785 ipae
1308 3703 1414 3784 profi-

301 3809 385 3860 tetur
404 3801 433 3860 in
457 3801 604 3874 Praetor.)
635 3801 837 3889 Goettingensi
861 3801 945 3880 1769.
985 3808 1015 3859 et
1033 3799 1201 3878 Bipontina
1227 3799 1311 3881 1785.
1331 3819 1415 3881 quae

300 3895 426 3976 reliquis
438 3894 656 3956 emendatiores
677 3906 757 3969 aunt,
778 3915 835 3954 nee
850 3893 976 3954 muitum
998 3915 1013 3953 a
1036 3895 1213 3958 seinvicem
1228 3894 1412 3974 discrepant.

248 4045 253 4057 .
342 3993 383 4054 Hi
401 3991 468 4052 fere
487 3997 558 4051 sunt
577 3989 706 4050 editores
727 3987 893 4063 luvenalis,
917 3990 970 4072 qui
999 3990 1153 4071 ingenium
1181 3989 1415 4072 doctrinamque

279 4087 340 4154 ad
361 4095 475 4146 textum
497 4086 559 4146 eius
578 4085 800 4148 emendandum
826 4085 1003 4146 contulere:
1038 4107 1168 4167 quorum
1199 4096 1413 4166 tamen.opera
1463 4065 1474 4097 ⁸

302 4179 440 4242 nondam
459 4179 510 4240 iiie
530 4178 693 4260 integritati
712 4199 782 4240 snae
802 4184 843 4238 ita
875 4182 1029 4240 restitutus
1056 4189 1120 4252 est,
1152 4189 1186 4240 ut
1214 4180 1317 4241 critica
1349 4179 1409 4236 iam

304 4293 377 4334 onra
397 4273 592 4357 supersedere
610 4273 707 4336 lineat.
730 4275 850 4334 Praeter
870 4295 920 4335 eos
941 4273 1136 4335 fuereetiam
1158 4273 1228 4336 io'de
1257 4275 1294 4334 ab
1322 4271 1411 4331 initio

303 4369 598 4452 SaecuiiXV1.qui
618 4378 706 4434 notas
722 4379 753 4434 et
780 4371 1029 4450 commentarios,
1059 4369 1112 4436 sed
1132 4389 1240 4455 parum
1262 4368 1412 4445 idoneos,
