<?xml version="1.0" encoding="UTF-8"?>
<!DOCTYPE html PUBLIC "-//W3C//DTD XHTML 1.0 Transitional//EN"
    "http://www.w3.org/TR/xhtml1/DTD/xhtml1-transitional.dtd">
<html xmlns="http://www.w3.org/1999/xhtml" xml:lang="en" lang="en">
 <head>
  <title>
</title>
<meta http-equiv="Content-Type" content="text/html;charset=utf-8" />
  <meta name='ocr-system' content='tesseract 3.04.00' />
  <meta name='ocr-capabilities' content='ocr_page ocr_carea ocr_par ocr_line ocrx_word'/>
</head>
<body>
  <div class='ocr_page' id='page_1' title='image "./diuniiiuvenalis00persgoog_0477.png"; bbox 0 0 3120 5494; ppageno 0'>
   <div class='ocr_carea' id='block_1_1' title="bbox 364 405 1289 536">
    <p class='ocr_par' dir='ltr' id='par_1_1' title="bbox 364 405 1289 536">
     <span class='ocr_line' id='line_1_1' title="bbox 364 405 1289 536; baseline 0.003 -40"><span class='ocrx_word' id='word_1_1' title='bbox 364 438 551 498; x_wconf 78' lang='lat' dir='ltr'><strong>nronrnvs</strong></span> <span class='ocrx_word' id='word_1_2' title='bbox 587 437 640 496; x_wconf 80' lang='lat' dir='ltr'><strong>un</strong></span> <span class='ocrx_word' id='word_1_3' title='bbox 676 433 905 536; x_wconf 75' lang='lat' dir='ltr'><strong>scarorum</strong></span> <span class='ocrx_word' id='word_1_4' title='bbox 944 433 1117 497; x_wconf 77' lang='lat' dir='ltr'><strong>cunnus</strong></span> <span class='ocrx_word' id='word_1_5' title='bbox 1194 405 1289 532; x_wconf 76' lang='lat'><strong>329</strong></span> 
     </span>
    </p>
   </div>
   <div class='ocr_carea' id='block_1_2' title="bbox 55 631 1414 4519">
    <p class='ocr_par' dir='ltr' id='par_1_2' title="bbox 55 631 1414 4519">
     <span class='ocr_line' id='line_1_2' title="bbox 169 631 1295 727; baseline 0 -23"><span class='ocrx_word' id='word_1_6' title='bbox 169 660 232 726; x_wconf 70' lang='lat' dir='ltr'><strong>,qne</strong></span> <span class='ocrx_word' id='word_1_7' title='bbox 253 642 293 704; x_wconf 81' lang='lat' dir='ltr'><strong>ab</strong></span> <span class='ocrx_word' id='word_1_8' title='bbox 317 641 354 703; x_wconf 88' lang='lat' dir='ltr'><strong>iis</strong></span> <span class='ocrx_word' id='word_1_9' title='bbox 379 649 497 702; x_wconf 89' lang='lat' dir='ltr'><strong>tantum</strong></span> <span class='ocrx_word' id='word_1_10' title='bbox 527 639 645 727; x_wconf 84' lang='lat' dir='ltr'><strong>negligi¹</strong></span> <span class='ocrx_word' id='word_1_11' title='bbox 665 637 759 716; x_wconf 86' lang='lat' dir='ltr'><strong>solet,</strong></span> <span class='ocrx_word' id='word_1_12' title='bbox 785 639 838 723; x_wconf 89' lang='lat' dir='ltr'><strong>qni</strong></span> <span class='ocrx_word' id='word_1_13' title='bbox 866 640 990 723; x_wconf 89' lang='lat' dir='ltr'><strong>ingenio</strong></span> <span class='ocrx_word' id='word_1_14' title='bbox 1010 631 1146 704; x_wconf 82' lang='lat' dir='ltr'><strong>destituti</strong></span> <span class='ocrx_word' id='word_1_15' title='bbox 1166 641 1295 704; x_wconf 86' lang='lat' dir='ltr'><strong>aliorum</strong></span> 
     </span>
     <span class='ocr_line' id='line_1_3' title="bbox 172 729 1291 819; baseline 0.001 -21"><span class='ocrx_word' id='word_1_16' title='bbox 172 739 303 800; x_wconf 83' lang='lat' dir='ltr'><strong>inventia</strong></span> <span class='ocrx_word' id='word_1_17' title='bbox 330 747 480 810; x_wconf 88' lang='lat' dir='ltr'><strong>utuntur,</strong></span> <span class='ocrx_word' id='word_1_18' title='bbox 499 737 723 818; x_wconf 73' lang='lat' dir='ltr'><strong>novitatemque</strong></span> <span class='ocrx_word' id='word_1_19' title='bbox 743 729 775 794; x_wconf 88' lang='lat' dir='ltr'><strong>in</strong></span> <span class='ocrx_word' id='word_1_20' title='bbox 796 745 907 796; x_wconf 89' lang='lat' dir='ltr'><strong>ornatu</strong></span> <span class='ocrx_word' id='word_1_21' title='bbox 927 736 1026 798; x_wconf 90' lang='lat' dir='ltr'><strong>solum</strong></span> <span class='ocrx_word' id='word_1_22' title='bbox 1040 745 1203 819; x_wconf 89' lang='lat' dir='ltr'><strong>quaerunt.</strong></span> <span class='ocrx_word' id='word_1_23' title='bbox 1233 761 1235 768; x_wconf 60' lang='lat'><strong>⁴</strong></span> <span class='ocrx_word' id='word_1_24' title='bbox 1288 765 1291 772; x_wconf 91' lang='lat'>·</span> 
     </span>
     <span class='ocr_line' id='line_1_4' title="bbox 189 830 1298 916; baseline 0.003 -23"><span class='ocrx_word' id='word_1_25' title='bbox 189 835 334 895; x_wconf 85' lang='lat' dir='ltr'><strong>·Vernm</strong></span> <span class='ocrx_word' id='word_1_26' title='bbox 354 833 386 892; x_wconf 87' lang='lat' dir='ltr'><strong>io</strong></span> <span class='ocrx_word' id='word_1_27' title='bbox 409 831 506 892; x_wconf 89' lang='lat' dir='ltr'><strong>ironia</strong></span> <span class='ocrx_word' id='word_1_28' title='bbox 526 831 698 892; x_wconf 85' lang='lat' dir='ltr'><strong>adhibenda</strong></span> <span class='ocrx_word' id='word_1_29' title='bbox 720 830 840 892; x_wconf 84' lang='lat' dir='ltr'><strong>Persius</strong></span> <span class='ocrx_word' id='word_1_30' title='bbox 869 851 955 912; x_wconf 84' lang='lat' dir='ltr'><strong>saepe</strong></span> <span class='ocrx_word' id='word_1_31' title='bbox 975 831 1180 916; x_wconf 77' lang='lat' dir='ltr'><strong>nequidquam</strong></span> <span class='ocrx_word' id='word_1_32' title='bbox 1209 833 1298 896; x_wconf 90' lang='lat' dir='ltr'><strong>labo-</strong></span> 
     </span>
     <span class='ocr_line' id='line_1_5' title="bbox 172 925 1298 1010; baseline 0.002 -22"><span class='ocrx_word' id='word_1_33' title='bbox 172 927 259 1003; x_wconf 82' lang='lat' dir='ltr'><strong>ravit.</strong></span> <span class='ocrx_word' id='word_1_34' title='bbox 292 929 364 992; x_wconf 87' lang='lat' dir='ltr'><strong>Nou</strong></span> <span class='ocrx_word' id='word_1_35' title='bbox 384 925 503 989; x_wconf 83' lang='lat' dir='ltr'><strong>videtur</strong></span> <span class='ocrx_word' id='word_1_36' title='bbox 523 925 605 988; x_wconf 81' lang='lat' dir='ltr'><strong>eninr</strong></span> <span class='ocrx_word' id='word_1_37' title='bbox 627 925 677 986; x_wconf 83' lang='lat' dir='ltr'><strong>iilo</strong></span> <span class='ocrx_word' id='word_1_38' title='bbox 698 925 881 988; x_wconf 84' lang='lat' dir='ltr'><strong>ciocutionis</strong></span> <span class='ocrx_word' id='word_1_39' title='bbox 901 927 999 1010; x_wconf 86' lang='lat' dir='ltr'><strong>figura</strong></span> <span class='ocrx_word' id='word_1_40' title='bbox 1018 927 1153 990; x_wconf 85' lang='lat' dir='ltr'><strong>ardentis</strong></span> <span class='ocrx_word' id='word_1_41' title='bbox 1172 949 1238 990; x_wconf 82' lang='lat' dir='ltr'><strong>esse</strong></span> <span class='ocrx_word' id='word_1_42' title='bbox 1252 931 1298 990; x_wconf 89' lang='lat' dir='ltr'><strong>iu-</strong></span> 
     </span>
     <span class='ocr_line' id='line_1_6' title="bbox 170 1021 1297 1106; baseline 0.004 -24"><span class='ocrx_word' id='word_1_43' title='bbox 170 1022 274 1103; x_wconf 87' lang='lat' dir='ltr'><strong>geuii,</strong></span> <span class='ocrx_word' id='word_1_44' title='bbox 303 1022 419 1086; x_wconf 85' lang='lat' dir='ltr'><strong>neceb</strong></span> <span class='ocrx_word' id='word_1_45' title='bbox 439 1042 476 1084; x_wconf 92' lang='lat' dir='ltr'><strong>eo</strong></span> <span class='ocrx_word' id='word_1_46' title='bbox 497 1021 585 1083; x_wconf 84' lang='lat' dir='ltr'><strong>facile</strong></span> <span class='ocrx_word' id='word_1_47' title='bbox 617 1041 704 1104; x_wconf 88' lang='lat' dir='ltr'><strong>posse</strong></span> <span class='ocrx_word' id='word_1_48' title='bbox 725 1022 870 1098; x_wconf 84' lang='lat' dir='ltr'><strong>tracturi,</strong></span> <span class='ocrx_word' id='word_1_49' title='bbox 896 1023 982 1084; x_wconf 87' lang='lat' dir='ltr'><strong>ouius</strong></span> <span class='ocrx_word' id='word_1_50' title='bbox 1015 1023 1134 1085; x_wconf 87' lang='lat' dir='ltr'><strong>animas</strong></span> <span class='ocrx_word' id='word_1_51' title='bbox 1161 1024 1297 1106; x_wconf 72' lang='lat' dir='ltr'><strong>graviori</strong></span> 
     </span>
     <span class='ocr_line' id='line_1_7' title="bbox 169 1116 1299 1200; baseline 0.005 -24"><span class='ocrx_word' id='word_1_52' title='bbox 169 1116 271 1200; x_wconf 86' lang='lat' dir='ltr'><strong>atiquo</strong></span> <span class='ocrx_word' id='word_1_53' title='bbox 292 1117 508 1178; x_wconf 77' lang='lat' dir='ltr'><strong>commotionis</strong></span> <span class='ocrx_word' id='word_1_54' title='bbox 527 1135 639 1198; x_wconf 84' lang='lat' dir='ltr'><strong>genere</strong></span> <span class='ocrx_word' id='word_1_55' title='bbox 658 1116 878 1190; x_wconf 62' lang='lat' dir='ltr'><strong>conturbatum</strong></span> <span class='ocrx_word' id='word_1_56' title='bbox 900 1125 946 1178; x_wconf 86' lang='lat' dir='ltr'><strong>est</strong></span> <span class='ocrx_word' id='word_1_57' title='bbox 965 1117 1067 1200; x_wconf 89' lang='lat' dir='ltr'><strong>potius</strong></span> <span class='ocrx_word' id='word_1_58' title='bbox 1094 1116 1226 1180; x_wconf 88' lang='lat' dir='ltr'><strong>indentis&#39;</strong></span> <span class='ocrx_word' id='word_1_59' title='bbox 1247 1131 1299 1182; x_wconf 88' lang='lat' dir='ltr'><strong>ant</strong></span> 
     </span>
     <span class='ocr_line' id='line_1_8' title="bbox 169 1210 1299 1296; baseline 0.004 -26"><span class='ocrx_word' id='word_1_60' title='bbox 169 1211 244 1271; x_wconf 87' lang='lat' dir='ltr'><strong>risui</strong></span> <span class='ocrx_word' id='word_1_61' title='bbox 265 1211 424 1272; x_wconf 83' lang='lat' dir='ltr'><strong>stultitiam</strong></span> <span class='ocrx_word' id='word_1_62' title='bbox 444 1211 553 1274; x_wconf 86' lang='lat' dir='ltr'><strong>salibus</strong></span> <span class='ocrx_word' id='word_1_63' title='bbox 573 1221 604 1272; x_wconf 88' lang='lat' dir='ltr'><strong>et</strong></span> <span class='ocrx_word' id='word_1_64' title='bbox 622 1210 737 1272; x_wconf 68' lang='lat' dir='ltr'><strong>feodiis</strong></span> <span class='ocrx_word' id='word_1_65' title='bbox 761 1210 961 1296; x_wconf 76' lang='lat' dir='ltr'><strong>propinantis.</strong></span> <span class='ocrx_word' id='word_1_66' title='bbox 996 1213 1068 1290; x_wconf 90' lang='lat' dir='ltr'><strong>Quo</strong></span> <span class='ocrx_word' id='word_1_67' title='bbox 1084 1211 1176 1274; x_wconf 87' lang='lat' dir='ltr'><strong>etiam</strong></span> <span class='ocrx_word' id='word_1_68' title='bbox 1197 1213 1250 1288; x_wconf 87' lang='lat' dir='ltr'><strong>fit,</strong></span> <span class='ocrx_word' id='word_1_69' title='bbox 1265 1223 1299 1276; x_wconf 88' lang='lat' dir='ltr'><strong>ut</strong></span> 
     </span>
     <span class='ocr_line' id='line_1_9' title="bbox 169 1305 1297 1391; baseline 0.004 -27"><span class='ocrx_word' id='word_1_70' title='bbox 169 1305 288 1366; x_wconf 82' lang='lat' dir='ltr'><strong>Persius</strong></span> <span class='ocrx_word' id='word_1_71' title='bbox 307 1307 346 1368; x_wconf 88' lang='lat' dir='ltr'><strong>ab</strong></span> <span class='ocrx_word' id='word_1_72' title='bbox 367 1307 489 1383; x_wconf 89' lang='lat' dir='ltr'><strong>ironia,</strong></span> <span class='ocrx_word' id='word_1_73' title='bbox 507 1328 566 1390; x_wconf 85' lang='lat' dir='ltr'><strong>qua</strong></span> <span class='ocrx_word' id='word_1_74' title='bbox 588 1305 632 1367; x_wconf 88' lang='lat' dir='ltr'><strong>uti</strong></span> <span class='ocrx_word' id='word_1_75' title='bbox 651 1306 805 1388; x_wconf 76' lang='lat' dir='ltr'><strong>coeperit,</strong></span> <span class='ocrx_word' id='word_1_76' title='bbox 824 1307 923 1368; x_wconf 86' lang='lat' dir='ltr'><strong>atatim</strong></span> <span class='ocrx_word' id='word_1_77' title='bbox 959 1306 1113 1381; x_wconf 86' lang='lat' dir='ltr'><strong>detlectat,</strong></span> <span class='ocrx_word' id='word_1_78' title='bbox 1148 1317 1236 1391; x_wconf 89' lang='lat' dir='ltr'><strong>atque</strong></span> <span class='ocrx_word' id='word_1_79' title='bbox 1249 1307 1297 1369; x_wconf 72' lang='lat' dir='ltr'><strong>‘ad</strong></span> 
     </span>
     <span class='ocr_line' id='line_1_10' title="bbox 63 1399 1414 1486; baseline 0.001 -24"><span class='ocrx_word' id='word_1_80' title='bbox 63 1399 66 1405; x_wconf 77' lang='grc'><strong>’</strong></span> <span class='ocrx_word' id='word_1_81' title='bbox 168 1401 326 1482; x_wconf 86' lang='lat' dir='ltr'><strong>pristinam</strong></span> <span class='ocrx_word' id='word_1_82' title='bbox 346 1402 524 1484; x_wconf 82' lang='lat' dir='ltr'><strong>gravitatem</strong></span> <span class='ocrx_word' id='word_1_83' title='bbox 544 1411 576 1464; x_wconf 86' lang='lat' dir='ltr'><strong>et</strong></span> <span class='ocrx_word' id='word_1_84' title='bbox 595 1401 791 1464; x_wconf 85' lang='lat' dir='ltr'><strong>acrimoniam</strong></span> <span class='ocrx_word' id='word_1_85' title='bbox 813 1411 994 1466; x_wconf 82' lang='lat' dir='ltr'><strong>revertatur.</strong></span> <span class='ocrx_word' id='word_1_86' title='bbox 1015 1403 1151 1464; x_wconf 89' lang='lat' dir='ltr'><strong>Omnino</strong></span> <span class='ocrx_word' id='word_1_87' title='bbox 1171 1402 1296 1486; x_wconf 87' lang='lat' dir='ltr'><strong>quidem</strong></span> <span class='ocrx_word' id='word_1_88' title='bbox 1411 1416 1414 1427; x_wconf 89' lang='grc'><em>·</em></span> 
     </span>
     <span class='ocr_line' id='line_1_11' title="bbox 169 1494 1297 1580; baseline 0.005 -27"><span class='ocrx_word' id='word_1_89' title='bbox 169 1494 202 1556; x_wconf 89' lang='lat' dir='ltr'><strong>id</strong></span> <span class='ocrx_word' id='word_1_90' title='bbox 231 1495 304 1558; x_wconf 85' lang='lat' dir='ltr'><strong>vitio</strong></span> <span class='ocrx_word' id='word_1_91' title='bbox 325 1517 386 1558; x_wconf 91' lang='lat' dir='ltr'><strong>non</strong></span> <span class='ocrx_word' id='word_1_92' title='bbox 408 1497 572 1572; x_wconf 73' lang='lat' dir='ltr'><strong>verterim,</strong></span> <span class='ocrx_word' id='word_1_93' title='bbox 602 1496 717 1580; x_wconf 85' lang='lat' dir='ltr'><strong>siquis</strong></span> <span class='ocrx_word' id='word_1_94' title='bbox 744 1495 874 1558; x_wconf 83' lang='lat' dir='ltr'><strong>ironiam</strong></span> <span class='ocrx_word' id='word_1_95' title='bbox 907 1517 963 1580; x_wconf 89' lang='lat' dir='ltr'><strong>per</strong></span> <span class='ocrx_word' id='word_1_96' title='bbox 996 1506 1094 1559; x_wconf 91' lang='lat' dir='ltr'><strong>totum</strong></span> <span class='ocrx_word' id='word_1_97' title='bbox 1124 1517 1202 1580; x_wconf 87' lang='lat' dir='ltr'><strong>opus</strong></span> <span class='ocrx_word' id='word_1_98' title='bbox 1231 1519 1297 1560; x_wconf 88' lang='lat' dir='ltr'><strong>uon</strong></span> 
     </span>
     <span class='ocr_line' id='line_1_12' title="bbox 167 1589 1292 1674; baseline 0.004 -25"><span class='ocrx_word' id='word_1_99' title='bbox 167 1599 311 1666; x_wconf 86' lang='lat' dir='ltr'><strong>tueatur,</strong></span> <span class='ocrx_word' id='word_1_100' title='bbox 332 1589 415 1674; x_wconf 90' lang='lat' dir='ltr'><strong>quod</strong></span> <span class='ocrx_word' id='word_1_101' title='bbox 437 1601 470 1652; x_wconf 87' lang='lat' dir='ltr'><strong>at</strong></span> <span class='ocrx_word' id='word_1_102' title='bbox 491 1591 562 1667; x_wconf 80' lang='lat' dir='ltr'><strong>tint,</strong></span> <span class='ocrx_word' id='word_1_103' title='bbox 583 1611 599 1651; x_wconf 86' lang='lat' dir='ltr'><strong>a</strong></span> <span class='ocrx_word' id='word_1_104' title='bbox 619 1591 798 1674; x_wconf 86' lang='lat' dir='ltr'><strong>quibusdam</strong></span> <span class='ocrx_word' id='word_1_105' title='bbox 820 1590 1056 1674; x_wconf 82' lang='lat' dir='ltr'><strong>pulchritudinis</strong></span> <span class='ocrx_word' id='word_1_106' title='bbox 1076 1592 1292 1655; x_wconf 75' lang='lat' dir='ltr'><strong>strenuitatis</strong></span> 
     </span>
     <span class='ocr_line' id='line_1_13' title="bbox 166 1683 1296 1769; baseline 0.003 -25"><span class='ocrx_word' id='word_1_107' title='bbox 166 1683 326 1747; x_wconf 88' lang='lat' dir='ltr'><strong>doctrinae</strong></span> <span class='ocrx_word' id='word_1_108' title='bbox 346 1686 495 1769; x_wconf 78' lang='lat' dir='ltr'><strong>magistris</strong></span> <span class='ocrx_word' id='word_1_109' title='bbox 514 1685 599 1748; x_wconf 79' lang='lat' dir='ltr'><strong>velut</strong></span> <span class='ocrx_word' id='word_1_110' title='bbox 619 1685 687 1768; x_wconf 90' lang='lat' dir='ltr'><strong>lege</strong></span> <span class='ocrx_word' id='word_1_111' title='bbox 707 1687 857 1748; x_wconf 85' lang='lat' dir='ltr'><strong>sancitum</strong></span> <span class='ocrx_word' id='word_1_112' title='bbox 878 1685 1034 1760; x_wconf 81' lang='lat' dir='ltr'><strong>ridemns;</strong></span> <span class='ocrx_word' id='word_1_113' title='bbox 1057 1705 1156 1768; x_wconf 88' lang='lat' dir='ltr'><strong>neque</strong></span> <span class='ocrx_word' id='word_1_114' title='bbox 1176 1684 1215 1748; x_wconf 88' lang='lat' dir='ltr'><strong>ad</strong></span> <span class='ocrx_word' id='word_1_115' title='bbox 1234 1685 1296 1748; x_wconf 89' lang='lat' dir='ltr'><strong>So·</strong></span> 
     </span>
     <span class='ocr_line' id='line_1_14' title="bbox 168 1781 1295 1864; baseline 0.003 -23"><span class='ocrx_word' id='word_1_116' title='bbox 168 1791 286 1842; x_wconf 86' lang='lat' dir='ltr'><strong>cratem</strong></span> <span class='ocrx_word' id='word_1_117' title='bbox 307 1781 464 1862; x_wconf 77' lang='lat' dir='ltr'><strong>coningio,</strong></span> <span class='ocrx_word' id='word_1_118' title='bbox 476 1790 509 1842; x_wconf 90' lang='lat' dir='ltr'><strong>ut</strong></span> <span class='ocrx_word' id='word_1_119' title='bbox 527 1781 611 1842; x_wconf 87' lang='lat' dir='ltr'><strong>iilius</strong></span> <span class='ocrx_word' id='word_1_120' title='bbox 630 1781 770 1864; x_wconf 82' lang='lat' dir='ltr'><strong>exemplo</strong></span> <span class='ocrx_word' id='word_1_121' title='bbox 791 1781 851 1845; x_wconf 81' lang='lat' dir='ltr'><strong>hoe</strong></span> <span class='ocrx_word' id='word_1_122' title='bbox 864 1781 1034 1858; x_wconf 83' lang='lat' dir='ltr'><strong>defendam,</strong></span> <span class='ocrx_word' id='word_1_123' title='bbox 1044 1783 1100 1864; x_wconf 88' lang='lat' dir='ltr'><strong>qni</strong></span> <span class='ocrx_word' id='word_1_124' title='bbox 1114 1801 1203 1864; x_wconf 78' lang='lat' dir='ltr'><strong>saepe</strong></span> <span class='ocrx_word' id='word_1_125' title='bbox 1215 1783 1295 1844; x_wconf 88' lang='lat' dir='ltr'><strong>serio</strong></span> 
     </span>
     <span class='ocr_line' id='line_1_15' title="bbox 167 1873 1294 1958; baseline 0.002 -22"><span class='ocrx_word' id='word_1_126' title='bbox 167 1873 249 1937; x_wconf 87' lang='lat' dir='ltr'><strong>dicta</strong></span> <span class='ocrx_word' id='word_1_127' title='bbox 270 1875 385 1938; x_wconf 87' lang='lat' dir='ltr'><strong>ironiae</strong></span> <span class='ocrx_word' id='word_1_128' title='bbox 404 1876 616 1938; x_wconf 79' lang='lat' dir='ltr'><strong>immiscuerit:</strong></span> <span class='ocrx_word' id='word_1_129' title='bbox 637 1875 691 1938; x_wconf 85' lang='lat' dir='ltr'><strong>sed</strong></span> <span class='ocrx_word' id='word_1_130' title='bbox 711 1875 741 1937; x_wconf 92' lang='lat' dir='ltr'><strong>iu</strong></span> <span class='ocrx_word' id='word_1_131' title='bbox 763 1877 826 1958; x_wconf 86' lang='lat' dir='ltr'><strong>ipsa</strong></span> <span class='ocrx_word' id='word_1_132' title='bbox 846 1875 963 1940; x_wconf 86' lang='lat' dir='ltr'><strong>ironiae</strong></span> <span class='ocrx_word' id='word_1_133' title='bbox 991 1887 1099 1938; x_wconf 83' lang='lat' dir='ltr'><strong>natura</strong></span> <span class='ocrx_word' id='word_1_134' title='bbox 1118 1873 1211 1938; x_wconf 89' lang='lat' dir='ltr'><strong>situm</strong></span> <span class='ocrx_word' id='word_1_135' title='bbox 1232 1876 1294 1938; x_wconf 84' lang='lat' dir='ltr'><strong>hoc</strong></span> 
     </span>
     <span class='ocr_line' id='line_1_16' title="bbox 168 1970 1294 2055; baseline 0.004 -25"><span class='ocrx_word' id='word_1_136' title='bbox 168 1989 232 2032; x_wconf 86' lang='lat' dir='ltr'><strong>esse</strong></span> <span class='ocrx_word' id='word_1_137' title='bbox 252 1971 409 2048; x_wconf 85' lang='lat' dir='ltr'><strong>existimo,</strong></span> <span class='ocrx_word' id='word_1_138' title='bbox 431 1981 465 2031; x_wconf 92' lang='lat' dir='ltr'><strong>ut</strong></span> <span class='ocrx_word' id='word_1_139' title='bbox 485 1971 549 2032; x_wconf 86' lang='lat' dir='ltr'><strong>cius</strong></span> <span class='ocrx_word' id='word_1_140' title='bbox 569 1970 699 2032; x_wconf 80' lang='lat' dir='ltr'><strong>ristona</strong></span> <span class='ocrx_word' id='word_1_141' title='bbox 728 1973 888 2054; x_wconf 86' lang='lat' dir='ltr'><strong>praecipua</strong></span> <span class='ocrx_word' id='word_1_142' title='bbox 907 1972 965 2047; x_wconf 86' lang='lat' dir='ltr'><strong>sit,</strong></span> <span class='ocrx_word' id='word_1_143' title='bbox 988 1993 1082 2054; x_wconf 87' lang='lat' dir='ltr'><strong>quum</strong></span> <span class='ocrx_word' id='word_1_144' title='bbox 1111 1973 1197 2055; x_wconf 78' lang='lat' dir='ltr'><strong>quasi</strong></span> <span class='ocrx_word' id='word_1_145' title='bbox 1216 1974 1294 2034; x_wconf 79' lang='lat' dir='ltr'><strong>&#39;sm-</strong></span> 
     </span>
     <span class='ocr_line' id='line_1_17' title="bbox 166 2061 1297 2148; baseline 0.002 -24"><span class='ocrx_word' id='word_1_146' title='bbox 166 2061 232 2144; x_wconf 76' lang='lat' dir='ltr'><strong>laigi</strong></span> <span class='ocrx_word' id='word_1_147' title='bbox 253 2066 362 2147; x_wconf 83' lang='lat' dir='ltr'><strong>possit,</strong></span> <span class='ocrx_word' id='word_1_148' title='bbox 383 2075 486 2126; x_wconf 87' lang='lat' dir='ltr'><strong>utrum</strong></span> <span class='ocrx_word' id='word_1_149' title='bbox 506 2063 586 2126; x_wconf 82' lang='lat' dir='ltr'><strong>serio</strong></span> <span class='ocrx_word' id='word_1_150' title='bbox 606 2064 722 2126; x_wconf 86' lang='lat' dir='ltr'><strong>dictum</strong></span> <span class='ocrx_word' id='word_1_151' title='bbox 742 2065 802 2142; x_wconf 87' lang='lat' dir='ltr'><strong>sit,</strong></span> <span class='ocrx_word' id='word_1_152' title='bbox 821 2085 880 2128; x_wconf 89' lang='lat' dir='ltr'><strong>nec</strong></span> <span class='ocrx_word' id='word_1_153' title='bbox 899 2086 956 2142; x_wconf 89' lang='lat' dir='ltr'><strong>ue,</strong></span> <span class='ocrx_word' id='word_1_154' title='bbox 979 2065 1011 2128; x_wconf 93' lang='lat' dir='ltr'><strong>id</strong></span> <span class='ocrx_word' id='word_1_155' title='bbox 1030 2065 1112 2148; x_wconf 89' lang='lat' dir='ltr'><strong>quod</strong></span> <span class='ocrx_word' id='word_1_156' title='bbox 1132 2076 1199 2128; x_wconf 90' lang='lat' dir='ltr'><strong>tum</strong></span> <span class='ocrx_word' id='word_1_157' title='bbox 1221 2087 1297 2127; x_wconf 86' lang='lat' dir='ltr'><strong>naa-·</strong></span> 
     </span>
     <span class='ocr_line' id='line_1_18' title="bbox 167 2151 1285 2245; baseline 0.002 -23"><span class='ocrx_word' id='word_1_158' title='bbox 167 2160 250 2222; x_wconf 84' lang='lat' dir='ltr'><strong>xime</strong></span> <span class='ocrx_word' id='word_1_159' title='bbox 271 2159 392 2222; x_wconf 85' lang='lat' dir='ltr'><strong>adoidat</strong></span> <span class='ocrx_word' id='word_1_160' title='bbox 413 2179 532 2222; x_wconf 88' lang='lat' dir='ltr'><strong>necesse</strong></span> <span class='ocrx_word' id='word_1_161' title='bbox 551 2167 607 2234; x_wconf 85' lang='lat' dir='ltr'><strong>est,</strong></span> <span class='ocrx_word' id='word_1_162' title='bbox 627 2179 723 2241; x_wconf 88' lang='lat' dir='ltr'><strong>quum</strong></span> <span class='ocrx_word' id='word_1_163' title='bbox 744 2160 791 2234; x_wconf 82' lang='lat' dir='ltr'><strong>iia,</strong></span> <span class='ocrx_word' id='word_1_164' title='bbox 807 2151 885 2245; x_wconf 86' lang='lat' dir='ltr'><strong>quse</strong></span> <span class='ocrx_word' id='word_1_165' title='bbox 905 2161 976 2224; x_wconf 83' lang='lat' dir='ltr'><strong>ficta</strong></span> <span class='ocrx_word' id='word_1_166' title='bbox 996 2171 1098 2224; x_wconf 87' lang='lat' dir='ltr'><strong>mente</strong></span> <span class='ocrx_word' id='word_1_167' title='bbox 1111 2161 1192 2226; x_wconf 88' lang='lat' dir='ltr'><strong>dieta</strong></span> <span class='ocrx_word' id='word_1_168' title='bbox 1212 2163 1285 2241; x_wconf 84' lang='lat' dir='ltr'><strong>siut,</strong></span> 
     </span>
     <span class='ocr_line' id='line_1_19' title="bbox 167 2253 1291 2340; baseline 0.005 -26"><span class='ocrx_word' id='word_1_169' title='bbox 167 2255 247 2314; x_wconf 87' lang='lat' dir='ltr'><strong>serio</strong></span> <span class='ocrx_word' id='word_1_170' title='bbox 267 2255 356 2316; x_wconf 88' lang='lat' dir='ltr'><strong>dictis</strong></span> <span class='ocrx_word' id='word_1_171' title='bbox 376 2256 514 2316; x_wconf 86' lang='lat' dir='ltr'><strong>distincta</strong></span> <span class='ocrx_word' id='word_1_172' title='bbox 536 2253 702 2318; x_wconf 76' lang='lat' dir='ltr'><strong>videamus.</strong></span> <span class='ocrx_word' id='word_1_173' title='bbox 736 2255 853 2318; x_wconf 85' lang='lat' dir='ltr'><strong>Verum</strong></span> <span class='ocrx_word' id='word_1_174' title='bbox 874 2257 935 2320; x_wconf 87' lang='lat' dir='ltr'><strong>hoc</strong></span> <span class='ocrx_word' id='word_1_175' title='bbox 964 2257 1154 2340; x_wconf 81' lang='lat' dir='ltr'><strong>exquisitioni</strong></span> <span class='ocrx_word' id='word_1_176' title='bbox 1174 2258 1291 2320; x_wconf 85' lang='lat' dir='ltr'><strong>ironiae</strong></span> 
     </span>
     <span class='ocr_line' id='line_1_20' title="bbox 167 2350 1402 2446; baseline 0.003 -36"><span class='ocrx_word' id='word_1_177' title='bbox 167 2368 279 2429; x_wconf 69' lang='lat' dir='ltr'><strong>gernere</strong></span> <span class='ocrx_word' id='word_1_178' title='bbox 298 2371 463 2434; x_wconf 87' lang='lat' dir='ltr'><strong>numquam</strong></span> <span class='ocrx_word' id='word_1_179' title='bbox 484 2350 581 2412; x_wconf 89' lang='lat' dir='ltr'><strong>utitur</strong></span> <span class='ocrx_word' id='word_1_180' title='bbox 602 2350 935 2436; x_wconf 73' lang='lat' dir='ltr'><strong>Noster,‘semperque</strong></span> <span class='ocrx_word' id='word_1_181' title='bbox 955 2353 1022 2415; x_wconf 81' lang='lat' dir='ltr'><strong>fere</strong></span> <span class='ocrx_word' id='word_1_182' title='bbox 1049 2373 1116 2446; x_wconf 74' lang='lat' dir='ltr'><strong>rem</strong></span> <span class='ocrx_word' id='word_1_183' title='bbox 1137 2352 1185 2416; x_wconf 85' lang='lat' dir='ltr'><strong>vei</strong></span> <span class='ocrx_word' id='word_1_184' title='bbox 1213 2351 1290 2416; x_wconf 87' lang='lat' dir='ltr'><strong>adeo</strong></span> <span class='ocrx_word' id='word_1_185' title='bbox 1396 2402 1402 2414; x_wconf 82' lang='lat'>‚</span> 
     </span>
     <span class='ocr_line' id='line_1_21' title="bbox 150 2442 1288 2528; baseline 0.005 -26"><span class='ocrx_word' id='word_1_186' title='bbox 150 2442 313 2526; x_wconf 68' lang='lat' dir='ltr'><strong>adeprimit</strong></span> <span class='ocrx_word' id='word_1_187' title='bbox 345 2444 394 2507; x_wconf 82' lang='lat' dir='ltr'><strong>rel</strong></span> <span class='ocrx_word' id='word_1_188' title='bbox 425 2453 605 2526; x_wconf 76' lang='lat' dir='ltr'><strong>exaggeret,</strong></span> <span class='ocrx_word' id='word_1_189' title='bbox 629 2452 665 2506; x_wconf 91' lang='lat' dir='ltr'><strong>ut</strong></span> <span class='ocrx_word' id='word_1_190' title='bbox 686 2443 734 2506; x_wconf 83' lang='lat' dir='ltr'><strong>vei</strong></span> <span class='ocrx_word' id='word_1_191' title='bbox 767 2445 990 2528; x_wconf 83' lang='lat' dir='ltr'><strong>stupidissimus</strong></span> <span class='ocrx_word' id='word_1_192' title='bbox 1021 2456 1154 2509; x_wconf 90' lang='lat' dir='ltr'><strong>mentem</strong></span> <span class='ocrx_word' id='word_1_193' title='bbox 1177 2461 1288 2508; x_wconf 66' lang='lat' dir='ltr'><strong>‘veram</strong></span> 
     </span>
     <span class='ocr_line' id='line_1_22' title="bbox 166 2538 1288 2632; baseline 0.004 -34"><span class='ocrx_word' id='word_1_194' title='bbox 166 2540 262 2621; x_wconf 85' lang='lat' dir='ltr'><strong>possit</strong></span> <span class='ocrx_word' id='word_1_195' title='bbox 281 2539 534 2632; x_wconf 51' lang='lat' dir='ltr'><strong>divinarunsiaro</strong></span> <span class='ocrx_word' id='word_1_196' title='bbox 555 2539 648 2621; x_wconf 90' lang='lat' dir='ltr'><strong>igitur</strong></span> <span class='ocrx_word' id='word_1_197' title='bbox 667 2538 706 2600; x_wconf 89' lang='lat' dir='ltr'><strong>in</strong></span> <span class='ocrx_word' id='word_1_198' title='bbox 724 2541 782 2601; x_wconf 84' lang='lat' dir='ltr'><strong>buc</strong></span> <span class='ocrx_word' id='word_1_199' title='bbox 802 2561 915 2622; x_wconf 87' lang='lat' dir='ltr'><strong>genere</strong></span> <span class='ocrx_word' id='word_1_200' title='bbox 935 2541 1288 2622; x_wconf 77' lang='lat' dir='ltr'><strong>pungit,autacu10nm</strong></span> 
     </span>
     <span class='ocr_line' id='line_1_23' title="bbox 167 2631 1286 2713; baseline 0.005 -21"><span class='ocrx_word' id='word_1_201' title='bbox 167 2631 227 2694; x_wconf 83' lang='lat' dir='ltr'><strong>alte</strong></span> <span class='ocrx_word' id='word_1_202' title='bbox 247 2634 280 2694; x_wconf 86' lang='lat' dir='ltr'><strong>io</strong></span> <span class='ocrx_word' id='word_1_203' title='bbox 302 2635 436 2696; x_wconf 85' lang='lat' dir='ltr'><strong>animum</strong></span> <span class='ocrx_word' id='word_1_204' title='bbox 458 2633 607 2710; x_wconf 87' lang='lat' dir='ltr'><strong>demittit,</strong></span> <span class='ocrx_word' id='word_1_205' title='bbox 635 2634 688 2696; x_wconf 86' lang='lat' dir='ltr'><strong>sed</strong></span> <span class='ocrx_word' id='word_1_206' title='bbox 716 2634 748 2696; x_wconf 91' lang='lat' dir='ltr'><strong>id</strong></span> <span class='ocrx_word' id='word_1_207' title='bbox 775 2644 893 2698; x_wconf 87' lang='lat' dir='ltr'><strong>tantum</strong></span> <span class='ocrx_word' id='word_1_208' title='bbox 920 2635 1025 2713; x_wconf 88' lang='lat' dir='ltr'><strong>efficit,</strong></span> <span class='ocrx_word' id='word_1_209' title='bbox 1052 2646 1087 2699; x_wconf 86' lang='lat' dir='ltr'><strong>ut</strong></span> <span class='ocrx_word' id='word_1_210' title='bbox 1113 2656 1162 2698; x_wconf 90' lang='lat' dir='ltr'><strong>res</strong></span> <span class='ocrx_word' id='word_1_211' title='bbox 1186 2636 1286 2700; x_wconf 86' lang='lat' dir='ltr'><strong>studio</strong></span> 
     </span>
     <span class='ocr_line' id='line_1_24' title="bbox 164 2726 876 2802; baseline 0.006 -14"><span class='ocrx_word' id='word_1_212' title='bbox 164 2726 332 2802; x_wconf 81' lang='lat' dir='ltr'><strong>deformata</strong></span> <span class='ocrx_word' id='word_1_213' title='bbox 355 2739 386 2791; x_wconf 89' lang='lat' dir='ltr'><strong>et</strong></span> <span class='ocrx_word' id='word_1_214' title='bbox 410 2729 535 2792; x_wconf 86' lang='lat' dir='ltr'><strong>distorta</strong></span> <span class='ocrx_word' id='word_1_215' title='bbox 556 2729 652 2790; x_wconf 85' lang='lat' dir='ltr'><strong>risum</strong></span> <span class='ocrx_word' id='word_1_216' title='bbox 672 2740 803 2792; x_wconf 85' lang='lat' dir='ltr'><strong>moveat·</strong></span> <span class='ocrx_word' id='word_1_217' title='bbox 868 2759 876 2780; x_wconf 86' lang='lat'><strong>·</strong></span> 
     </span>
     <span class='ocr_line' id='line_1_25' title="bbox 209 2824 1292 2909; baseline 0.001 -25"><span class='ocrx_word' id='word_1_218' title='bbox 209 2824 273 2884; x_wconf 87' lang='lat' dir='ltr'><strong>iam</strong></span> <span class='ocrx_word' id='word_1_219' title='bbox 294 2824 332 2886; x_wconf 90' lang='lat' dir='ltr'><strong>de</strong></span> <span class='ocrx_word' id='word_1_220' title='bbox 353 2824 475 2886; x_wconf 89' lang='lat' dir='ltr'><strong>dicendi</strong></span> <span class='ocrx_word' id='word_1_221' title='bbox 499 2844 627 2906; x_wconf 85' lang='lat' dir='ltr'><strong>genere,</strong></span> <span class='ocrx_word' id='word_1_222' title='bbox 648 2847 709 2908; x_wconf 89' lang='lat' dir='ltr'><strong>qno</strong></span> <span class='ocrx_word' id='word_1_223' title='bbox 730 2825 849 2888; x_wconf 84' lang='lat' dir='ltr'><strong>Persius</strong></span> <span class='ocrx_word' id='word_1_224' title='bbox 869 2846 942 2888; x_wconf 83' lang='lat' dir='ltr'><strong>usus</strong></span> <span class='ocrx_word' id='word_1_225' title='bbox 955 2835 1019 2898; x_wconf 84' lang='lat' dir='ltr'><strong>est,</strong></span> <span class='ocrx_word' id='word_1_226' title='bbox 1032 2845 1128 2909; x_wconf 87' lang='lat' dir='ltr'><strong>panca</strong></span> <span class='ocrx_word' id='word_1_227' title='bbox 1148 2825 1292 2888; x_wconf 16' lang='lat' dir='ltr'><strong>dimimns.</strong></span> 
     </span>
     <span class='ocr_line' id='line_1_26' title="bbox 168 2917 1295 2995; baseline 0.002 -15"><span class='ocrx_word' id='word_1_228' title='bbox 168 2919 238 2980; x_wconf 85' lang='lat' dir='ltr'><strong>Nou</strong></span> <span class='ocrx_word' id='word_1_229' title='bbox 261 2929 305 2980; x_wconf 85' lang='lat' dir='ltr'><strong>est</strong></span> <span class='ocrx_word' id='word_1_230' title='bbox 325 2917 399 2980; x_wconf 85' lang='lat' dir='ltr'><strong>iilud</strong></span> <span class='ocrx_word' id='word_1_231' title='bbox 420 2918 569 2991; x_wconf 75' lang='lat' dir='ltr'><strong>hilarum,</strong></span> <span class='ocrx_word' id='word_1_232' title='bbox 593 2917 751 2995; x_wconf 87' lang='lat' dir='ltr'><strong>iocosum,</strong></span> <span class='ocrx_word' id='word_1_233' title='bbox 771 2921 903 2982; x_wconf 83' lang='lat' dir='ltr'><strong>facetum</strong></span> <span class='ocrx_word' id='word_1_234' title='bbox 924 2929 954 2982; x_wconf 89' lang='lat' dir='ltr'><strong>et</strong></span> <span class='ocrx_word' id='word_1_235' title='bbox 974 2920 1145 2982; x_wconf 76' lang='lat' dir='ltr'><strong>urbanitate</strong></span> <span class='ocrx_word' id='word_1_236' title='bbox 1165 2919 1295 2983; x_wconf 84' lang='lat' dir='ltr'><strong>salibus·</strong></span> 
     </span>
     <span class='ocr_line' id='line_1_27' title="bbox 168 3011 1295 3098; baseline 0.002 -24"><span class='ocrx_word' id='word_1_237' title='bbox 168 3037 229 3097; x_wconf 89' lang='lat' dir='ltr'><strong>que</strong></span> <span class='ocrx_word' id='word_1_238' title='bbox 250 3023 473 3097; x_wconf 84' lang='lat' dir='ltr'><strong>temperatum,</strong></span> <span class='ocrx_word' id='word_1_239' title='bbox 500 3034 564 3096; x_wconf 90' lang='lat' dir='ltr'><strong>quo</strong></span> <span class='ocrx_word' id='word_1_240' title='bbox 598 3014 742 3076; x_wconf 84' lang='lat' dir='ltr'><strong>Horatius</strong></span> <span class='ocrx_word' id='word_1_241' title='bbox 773 3011 903 3076; x_wconf 86' lang='lat' dir='ltr'><strong>lectores</strong></span> <span class='ocrx_word' id='word_1_242' title='bbox 932 3023 1091 3098; x_wconf 85' lang='lat' dir='ltr'><strong>tantopere</strong></span> <span class='ocrx_word' id='word_1_243' title='bbox 1123 3015 1239 3076; x_wconf 89' lang='lat' dir='ltr'><strong>detinet</strong></span> <span class='ocrx_word' id='word_1_244' title='bbox 1258 3037 1295 3076; x_wconf 89' lang='lat' dir='ltr'><strong>ac</strong></span> 
     </span>
     <span class='ocr_line' id='line_1_28' title="bbox 168 3107 1292 3191; baseline 0 -21"><span class='ocrx_word' id='word_1_245' title='bbox 168 3109 317 3184; x_wconf 85' lang='lat' dir='ltr'><strong>deiectat,</strong></span> <span class='ocrx_word' id='word_1_246' title='bbox 335 3109 387 3171; x_wconf 90' lang='lat' dir='ltr'><strong>sed</strong></span> <span class='ocrx_word' id='word_1_247' title='bbox 407 3109 492 3170; x_wconf 86' lang='lat' dir='ltr'><strong>triste</strong></span> <span class='ocrx_word' id='word_1_248' title='bbox 514 3107 712 3191; x_wconf 86' lang='lat' dir='ltr'><strong>pierumque,</strong></span> <span class='ocrx_word' id='word_1_249' title='bbox 732 3128 890 3184; x_wconf 82' lang='lat' dir='ltr'><strong>severum,</strong></span> <span class='ocrx_word' id='word_1_250' title='bbox 911 3108 1055 3182; x_wconf 73' lang='lat' dir='ltr'><strong>mordax,</strong></span> <span class='ocrx_word' id='word_1_251' title='bbox 1077 3109 1239 3172; x_wconf 80' lang='lat' dir='ltr'><strong>acerbitate</strong></span> <span class='ocrx_word' id='word_1_252' title='bbox 1259 3120 1292 3172; x_wconf 88' lang='lat' dir='ltr'><strong>et</strong></span> 
     </span>
     <span class='ocr_line' id='line_1_29' title="bbox 169 3202 1299 3286; baseline 0 -22"><span class='ocrx_word' id='word_1_253' title='bbox 169 3205 337 3266; x_wconf 79' lang='lat' dir='ltr'><strong>acrimonia</strong></span> <span class='ocrx_word' id='word_1_254' title='bbox 366 3204 498 3284; x_wconf 86' lang='lat' dir='ltr'><strong>pienum.</strong></span> <span class='ocrx_word' id='word_1_255' title='bbox 533 3203 600 3264; x_wconf 84' lang='lat' dir='ltr'><strong>Noa</strong></span> <span class='ocrx_word' id='word_1_256' title='bbox 627 3203 706 3264; x_wconf 84' lang='lat' dir='ltr'><strong>ridet</strong></span> <span class='ocrx_word' id='word_1_257' title='bbox 726 3202 907 3278; x_wconf 77' lang='lat' dir='ltr'><strong>stultitiam,</strong></span> <span class='ocrx_word' id='word_1_258' title='bbox 936 3202 989 3266; x_wconf 91' lang='lat' dir='ltr'><strong>sed</strong></span> <span class='ocrx_word' id='word_1_259' title='bbox 1020 3203 1139 3286; x_wconf 77' lang='lat' dir='ltr'><strong>flagelio</strong></span> <span class='ocrx_word' id='word_1_260' title='bbox 1158 3204 1299 3286; x_wconf 83' lang='lat' dir='ltr'><strong>increpat</strong></span> 
     </span>
     <span class='ocr_line' id='line_1_30' title="bbox 170 3295 1299 3380; baseline -0.002 -18"><span class='ocrx_word' id='word_1_261' title='bbox 170 3299 244 3362; x_wconf 85' lang='lat' dir='ltr'><strong>vitia</strong></span> <span class='ocrx_word' id='word_1_262' title='bbox 266 3309 296 3360; x_wconf 92' lang='lat' dir='ltr'><strong>et</strong></span> <span class='ocrx_word' id='word_1_263' title='bbox 326 3299 561 3380; x_wconf 82' lang='lat' dir='ltr'><strong>turpitudinem.</strong></span> <span class='ocrx_word' id='word_1_264' title='bbox 598 3295 759 3380; x_wconf 89' lang='lat' dir='ltr'><strong>Ingenium</strong></span> <span class='ocrx_word' id='word_1_265' title='bbox 781 3306 889 3359; x_wconf 88' lang='lat' dir='ltr'><strong>nactus</strong></span> <span class='ocrx_word' id='word_1_266' title='bbox 908 3298 1011 3360; x_wconf 75' lang='lat' dir='ltr'><strong>forsan</strong></span> <span class='ocrx_word' id='word_1_267' title='bbox 1039 3307 1146 3360; x_wconf 89' lang='lat' dir='ltr'><strong>natura</strong></span> <span class='ocrx_word' id='word_1_268' title='bbox 1165 3299 1299 3373; x_wconf 84' lang='lat' dir='ltr'><strong>tristius,</strong></span> 
     </span>
     <span class='ocr_line' id='line_1_31' title="bbox 172 3391 1301 3478; baseline -0.001 -23"><span class='ocrx_word' id='word_1_269' title='bbox 172 3393 404 3478; x_wconf 81' lang='lat' dir='ltr'><strong>modestiorque</strong></span> <span class='ocrx_word' id='word_1_270' title='bbox 425 3415 442 3454; x_wconf 96' lang='lat' dir='ltr'><strong>a</strong></span> <span class='ocrx_word' id='word_1_271' title='bbox 463 3392 641 3475; x_wconf 83' lang='lat' dir='ltr'><strong>parentibus</strong></span> <span class='ocrx_word' id='word_1_272' title='bbox 661 3394 693 3454; x_wconf 87' lang='lat' dir='ltr'><strong>in</strong></span> <span class='ocrx_word' id='word_1_273' title='bbox 726 3391 890 3456; x_wconf 85' lang='lat' dir='ltr'><strong>solitudine</strong></span> <span class='ocrx_word' id='word_1_274' title='bbox 917 3413 1012 3474; x_wconf 87' lang='lat' dir='ltr'><strong>paene</strong></span> <span class='ocrx_word' id='word_1_275' title='bbox 1042 3393 1209 3468; x_wconf 59' lang='lat' dir='ltr'><strong>educans,</strong></span> <span class='ocrx_word' id='word_1_276' title='bbox 1234 3395 1301 3455; x_wconf 84' lang='lat' dir='ltr'><strong>Ro·</strong></span> 
     </span>
     <span class='ocr_line' id='line_1_32' title="bbox 176 3487 1300 3574; baseline -0.002 -22"><span class='ocrx_word' id='word_1_277' title='bbox 176 3511 257 3552; x_wconf 82' lang='lat' dir='ltr'><strong>naum</strong></span> <span class='ocrx_word' id='word_1_278' title='bbox 279 3489 401 3574; x_wconf 87' lang='lat' dir='ltr'><strong>quidem</strong></span> <span class='ocrx_word' id='word_1_279' title='bbox 422 3489 475 3552; x_wconf 85' lang='lat' dir='ltr'><strong>sed</strong></span> <span class='ocrx_word' id='word_1_280' title='bbox 496 3489 535 3550; x_wconf 89' lang='lat' dir='ltr'><strong>ed</strong></span> <span class='ocrx_word' id='word_1_281' title='bbox 555 3488 767 3570; x_wconf 85' lang='lat' dir='ltr'><strong>grammaticos</strong></span> <span class='ocrx_word' id='word_1_282' title='bbox 788 3497 820 3548; x_wconf 88' lang='lat' dir='ltr'><strong>et</strong></span> <span class='ocrx_word' id='word_1_283' title='bbox 839 3487 976 3551; x_wconf 85' lang='lat' dir='ltr'><strong>rhetores</strong></span> <span class='ocrx_word' id='word_1_284' title='bbox 990 3489 1107 3552; x_wconf 83' lang='lat' dir='ltr'><strong>delatus</strong></span> <span class='ocrx_word' id='word_1_285' title='bbox 1120 3499 1175 3567; x_wconf 82' lang='lat' dir='ltr'><strong>est,</strong></span> <span class='ocrx_word' id='word_1_286' title='bbox 1188 3489 1300 3551; x_wconf 86' lang='lat' dir='ltr'><strong>deinde</strong></span> 
     </span>
     <span class='ocr_line' id='line_1_33' title="bbox 162 3582 1303 3667; baseline -0.002 -21"><span class='ocrx_word' id='word_1_287' title='bbox 162 3589 210 3646; x_wconf 88' lang='lat' dir='ltr'><strong>-iu</strong></span> <span class='ocrx_word' id='word_1_288' title='bbox 232 3583 425 3667; x_wconf 87' lang='lat' dir='ltr'><strong>disciplinam</strong></span> <span class='ocrx_word' id='word_1_289' title='bbox 446 3584 578 3646; x_wconf 89' lang='lat' dir='ltr'><strong>Cornuti</strong></span> <span class='ocrx_word' id='word_1_290' title='bbox 599 3583 689 3644; x_wconf 80' lang='lat' dir='ltr'><strong>venit</strong></span> <span class='ocrx_word' id='word_1_291' title='bbox 721 3582 781 3644; x_wconf 88' lang='lat' dir='ltr'><strong>Hic</strong></span> <span class='ocrx_word' id='word_1_292' title='bbox 801 3603 963 3664; x_wconf 84' lang='lat' dir='ltr'><strong>generosus</strong></span> <span class='ocrx_word' id='word_1_293' title='bbox 993 3583 1045 3646; x_wconf 87' lang='lat' dir='ltr'><strong>iiie</strong></span> <span class='ocrx_word' id='word_1_294' title='bbox 1074 3584 1194 3646; x_wconf 87' lang='lat' dir='ltr'><strong>animus</strong></span> <span class='ocrx_word' id='word_1_295' title='bbox 1215 3583 1303 3646; x_wconf 84' lang='lat' dir='ltr'><strong>iuve-</strong></span> 
     </span>
     <span class='ocr_line' id='line_1_34' title="bbox 176 3676 1302 3761; baseline -0.002 -19"><span class='ocrx_word' id='word_1_296' title='bbox 176 3680 234 3742; x_wconf 87' lang='lat' dir='ltr'><strong>uiii</strong></span> <span class='ocrx_word' id='word_1_297' title='bbox 256 3679 365 3741; x_wconf 88' lang='lat' dir='ltr'><strong>ardore</strong></span> <span class='ocrx_word' id='word_1_298' title='bbox 385 3679 552 3742; x_wconf 87' lang='lat' dir='ltr'><strong>stoicorum</strong></span> <span class='ocrx_word' id='word_1_299' title='bbox 574 3687 734 3761; x_wconf 83' lang='lat' dir='ltr'><strong>praecepta</strong></span> <span class='ocrx_word' id='word_1_300' title='bbox 752 3676 938 3760; x_wconf 87' lang='lat' dir='ltr'><strong>adripiense</strong></span> <span class='ocrx_word' id='word_1_301' title='bbox 960 3679 1163 3761; x_wconf 75' lang='lat' dir='ltr'><strong>praeceptoris</strong></span> <span class='ocrx_word' id='word_1_302' title='bbox 1182 3699 1302 3740; x_wconf 86' lang='lat' dir='ltr'><strong>sermo-</strong></span> 
     </span>
     <span class='ocr_line' id='line_1_35' title="bbox 175 3771 1302 3853; baseline -0.003 -16"><span class='ocrx_word' id='word_1_303' title='bbox 175 3775 266 3837; x_wconf 86' lang='lat' dir='ltr'><strong>nibus</strong></span> <span class='ocrx_word' id='word_1_304' title='bbox 288 3795 337 3836; x_wconf 88' lang='lat' dir='ltr'><strong>res</strong></span> <span class='ocrx_word' id='word_1_305' title='bbox 358 3775 512 3850; x_wconf 86' lang='lat' dir='ltr'><strong>humanas,</strong></span> <span class='ocrx_word' id='word_1_306' title='bbox 533 3794 595 3835; x_wconf 92' lang='lat' dir='ltr'><strong>nou</strong></span> <span class='ocrx_word' id='word_1_307' title='bbox 617 3781 651 3832; x_wconf 91' lang='lat' dir='ltr'><strong>nt</strong></span> <span class='ocrx_word' id='word_1_308' title='bbox 671 3773 743 3846; x_wconf 87' lang='lat' dir='ltr'><strong>sint,</strong></span> <span class='ocrx_word' id='word_1_309' title='bbox 765 3771 818 3833; x_wconf 88' lang='lat' dir='ltr'><strong>sed</strong></span> <span class='ocrx_word' id='word_1_310' title='bbox 839 3781 875 3832; x_wconf 91' lang='lat' dir='ltr'><strong>ut</strong></span> <span class='ocrx_word' id='word_1_311' title='bbox 894 3793 958 3836; x_wconf 85' lang='lat' dir='ltr'><strong>esse</strong></span> <span class='ocrx_word' id='word_1_312' title='bbox 978 3773 1121 3849; x_wconf 82' lang='lat' dir='ltr'><strong>debeant,</strong></span> <span class='ocrx_word' id='word_1_313' title='bbox 1142 3773 1302 3853; x_wconf 76' lang='lat' dir='ltr'><strong>cognovit,</strong></span> 
     </span>
     <span class='ocr_line' id='line_1_36' title="bbox 178 3865 1306 3952; baseline -0.003 -22"><span class='ocrx_word' id='word_1_314' title='bbox 178 3879 288 3952; x_wconf 88' lang='lat' dir='ltr'><strong>atque,</strong></span> <span class='ocrx_word' id='word_1_315' title='bbox 309 3877 343 3930; x_wconf 91' lang='lat' dir='ltr'><strong>ut</strong></span> <span class='ocrx_word' id='word_1_316' title='bbox 361 3867 477 3945; x_wconf 81' lang='lat' dir='ltr'><strong>solent,</strong></span> <span class='ocrx_word' id='word_1_317' title='bbox 496 3870 550 3952; x_wconf 91' lang='lat' dir='ltr'><strong>qni</strong></span> <span class='ocrx_word' id='word_1_318' title='bbox 570 3865 727 3928; x_wconf 88' lang='lat' dir='ltr'><strong>erectioris</strong></span> <span class='ocrx_word' id='word_1_319' title='bbox 746 3875 776 3926; x_wconf 88' lang='lat' dir='ltr'><strong>ct</strong></span> <span class='ocrx_word' id='word_1_320' title='bbox 796 3865 979 3929; x_wconf 86' lang='lat' dir='ltr'><strong>ardentioris</strong></span> <span class='ocrx_word' id='word_1_321' title='bbox 1000 3867 1113 3949; x_wconf 85' lang='lat' dir='ltr'><strong>ingenii</strong></span> <span class='ocrx_word' id='word_1_322' title='bbox 1131 3876 1216 3940; x_wconf 86' lang='lat' dir='ltr'><strong>sunt,</strong></span> <span class='ocrx_word' id='word_1_323' title='bbox 1235 3866 1306 3928; x_wconf 86' lang='lat' dir='ltr'><strong>for·</strong></span> 
     </span>
     <span class='ocr_line' id='line_1_37' title="bbox 179 3958 1306 4044; baseline -0.004 -20"><span class='ocrx_word' id='word_1_324' title='bbox 179 3984 260 4024; x_wconf 86' lang='lat' dir='ltr'><strong>mam</strong></span> <span class='ocrx_word' id='word_1_325' title='bbox 283 3973 314 4024; x_wconf 87' lang='lat' dir='ltr'><strong>et</strong></span> <span class='ocrx_word' id='word_1_326' title='bbox 335 3962 496 4044; x_wconf 87' lang='lat' dir='ltr'><strong>imaginem</strong></span> <span class='ocrx_word' id='word_1_327' title='bbox 518 3961 638 4022; x_wconf 85' lang='lat' dir='ltr'><strong>iliarum</strong></span> <span class='ocrx_word' id='word_1_328' title='bbox 651 3969 752 4022; x_wconf 83' lang='lat' dir='ltr'><strong>moute</strong></span> <span class='ocrx_word' id='word_1_329' title='bbox 771 3961 922 4042; x_wconf 87' lang='lat' dir='ltr'><strong>concepit,</strong></span> <span class='ocrx_word' id='word_1_330' title='bbox 943 3960 1088 4042; x_wconf 86' lang='lat' dir='ltr'><strong>adquam</strong></span> <span class='ocrx_word' id='word_1_331' title='bbox 1108 3958 1219 4023; x_wconf 87' lang='lat' dir='ltr'><strong>deinde</strong></span> <span class='ocrx_word' id='word_1_332' title='bbox 1233 3979 1306 4019; x_wconf 86' lang='lat' dir='ltr'><strong>oua·</strong></span> 
     </span>
     <span class='ocr_line' id='line_1_38' title="bbox 55 4053 1304 4140; baseline -0.005 -20"><span class='ocrx_word' id='word_1_333' title='bbox 55 4105 60 4120; x_wconf 86' lang='lat'>.</span> <span class='ocrx_word' id='word_1_334' title='bbox 178 4059 247 4132; x_wconf 89' lang='lat' dir='ltr'><strong>nia,</strong></span> <span class='ocrx_word' id='word_1_335' title='bbox 266 4077 345 4140; x_wconf 86' lang='lat' dir='ltr'><strong>qnae</strong></span> <span class='ocrx_word' id='word_1_336' title='bbox 367 4056 501 4119; x_wconf 88' lang='lat' dir='ltr'><strong>audisset</strong></span> <span class='ocrx_word' id='word_1_337' title='bbox 531 4056 709 4132; x_wconf 81' lang='lat' dir='ltr'><strong>vidissetve,</strong></span> <span class='ocrx_word' id='word_1_338' title='bbox 735 4053 885 4135; x_wconf 81' lang='lat' dir='ltr'><strong>exigebat.</strong></span> <span class='ocrx_word' id='word_1_339' title='bbox 926 4057 1013 4134; x_wconf 85' lang='lat' dir='ltr'><strong>Quae</strong></span> <span class='ocrx_word' id='word_1_340' title='bbox 1036 4077 1131 4137; x_wconf 88' lang='lat' dir='ltr'><strong>quum</strong></span> <span class='ocrx_word' id='word_1_341' title='bbox 1161 4053 1304 4114; x_wconf 85' lang='lat' dir='ltr'><strong>animad-</strong></span> 
     </span>
     <span class='ocr_line' id='line_1_39' title="bbox 180 4146 1306 4236; baseline -0.003 -26"><span class='ocrx_word' id='word_1_342' title='bbox 180 4151 318 4212; x_wconf 81' lang='lat' dir='ltr'><strong>vertisset</strong></span> <span class='ocrx_word' id='word_1_343' title='bbox 340 4149 379 4236; x_wconf 64' lang='lat' dir='ltr'><strong>ab</strong></span> <span class='ocrx_word' id='word_1_344' title='bbox 398 4149 448 4211; x_wconf 87' lang='lat' dir='ltr'><strong>illa</strong></span> <span class='ocrx_word' id='word_1_345' title='bbox 468 4171 576 4212; x_wconf 87' lang='lat' dir='ltr'><strong>norma</strong></span> <span class='ocrx_word' id='word_1_346' title='bbox 596 4148 716 4230; x_wconf 87' lang='lat' dir='ltr'><strong>longius</strong></span> <span class='ocrx_word' id='word_1_347' title='bbox 737 4147 898 4224; x_wconf 87' lang='lat' dir='ltr'><strong>aberrare,</strong></span> <span class='ocrx_word' id='word_1_348' title='bbox 918 4168 1012 4230; x_wconf 86' lang='lat' dir='ltr'><strong>eaque</strong></span> <span class='ocrx_word' id='word_1_349' title='bbox 1041 4167 1131 4230; x_wconf 87' lang='lat' dir='ltr'><strong>saepe</strong></span> <span class='ocrx_word' id='word_1_350' title='bbox 1150 4146 1306 4208; x_wconf 70' lang='lat' dir='ltr'><strong>derideris</strong></span> 
     </span>
     <span class='ocr_line' id='line_1_40' title="bbox 180 4239 1305 4325; baseline -0.003 -22"><span class='ocrx_word' id='word_1_351' title='bbox 180 4241 336 4325; x_wconf 86' lang='lat' dir='ltr'><strong>quaesibi</strong></span> <span class='ocrx_word' id='word_1_352' title='bbox 357 4251 442 4304; x_wconf 78' lang='lat' dir='ltr'><strong>crtra</strong></span> <span class='ocrx_word' id='word_1_353' title='bbox 473 4263 596 4305; x_wconf 85' lang='lat' dir='ltr'><strong>omnem</strong></span> <span class='ocrx_word' id='word_1_354' title='bbox 628 4240 827 4306; x_wconf 89' lang='lat' dir='ltr'><strong>dubitationis</strong></span> <span class='ocrx_word' id='word_1_355' title='bbox 860 4241 959 4304; x_wconf 88' lang='lat' dir='ltr'><strong>eieam</strong></span> <span class='ocrx_word' id='word_1_356' title='bbox 989 4241 1084 4322; x_wconf 86' lang='lat' dir='ltr'><strong>posita</strong></span> <span class='ocrx_word' id='word_1_357' title='bbox 1120 4259 1187 4301; x_wconf 86' lang='lat' dir='ltr'><strong>esse</strong></span> <span class='ocrx_word' id='word_1_358' title='bbox 1214 4239 1305 4304; x_wconf 82' lang='lat' dir='ltr'><strong>vide·</strong></span> 
     </span>
     <span class='ocr_line' id='line_1_41' title="bbox 182 4335 1338 4421; baseline 0.002 -23"><span class='ocrx_word' id='word_1_359' title='bbox 182 4349 312 4412; x_wconf 88' lang='lat' dir='ltr'><strong>rentur,</strong></span> <span class='ocrx_word' id='word_1_360' title='bbox 338 4338 430 4419; x_wconf 70' lang='lat' dir='ltr'><strong>gravi</strong></span> <span class='ocrx_word' id='word_1_361' title='bbox 458 4337 665 4421; x_wconf 83' lang='lat' dir='ltr'><strong>indignatione</strong></span> <span class='ocrx_word' id='word_1_362' title='bbox 697 4337 842 4400; x_wconf 87' lang='lat' dir='ltr'><strong>adcensus</strong></span> <span class='ocrx_word' id='word_1_363' title='bbox 872 4347 925 4400; x_wconf 90' lang='lat' dir='ltr'><strong>est.</strong></span> <span class='ocrx_word' id='word_1_364' title='bbox 951 4336 1044 4420; x_wconf 81' lang='lat' dir='ltr'><strong>¹Haeo</strong></span> <span class='ocrx_word' id='word_1_365' title='bbox 1073 4335 1184 4400; x_wconf 90' lang='lat' dir='ltr'><strong>deinde</strong></span> <span class='ocrx_word' id='word_1_366' title='bbox 1210 4357 1304 4418; x_wconf 87' lang='lat' dir='ltr'><strong>quum</strong></span> <span class='ocrx_word' id='word_1_367' title='bbox 1336 4393 1338 4400; x_wconf 17' lang='grc' dir='ltr'><em>Α</em></span> 
     </span>
     <span class='ocr_line' id='line_1_42' title="bbox 184 4429 1305 4519; baseline -0.002 -23"><span class='ocrx_word' id='word_1_368' title='bbox 184 4431 349 4516; x_wconf 84' lang='lat' dir='ltr'><strong>premenda</strong></span> <span class='ocrx_word' id='word_1_369' title='bbox 370 4441 462 4514; x_wconf 85' lang='lat' dir='ltr'><strong>esset,</strong></span> <span class='ocrx_word' id='word_1_370' title='bbox 484 4435 593 4519; x_wconf 77' lang='lat' dir='ltr'><strong>vixque</strong></span> <span class='ocrx_word' id='word_1_371' title='bbox 612 4443 677 4498; x_wconf 85' lang='lat' dir='ltr'><strong>tuto</strong></span> <span class='ocrx_word' id='word_1_372' title='bbox 696 4434 778 4500; x_wconf 87' lang='lat' dir='ltr'><strong>inter</strong></span> <span class='ocrx_word' id='word_1_373' title='bbox 805 4431 1052 4500; x_wconf 82' lang='lat' dir='ltr'><strong>familiarissimus</strong></span> <span class='ocrx_word' id='word_1_374' title='bbox 1065 4442 1163 4517; x_wconf 78' lang='lat' dir='ltr'><strong>posset</strong></span> <span class='ocrx_word' id='word_1_375' title='bbox 1178 4429 1305 4508; x_wconf 82' lang='lat' dir='ltr'><strong>effundi,</strong></span> 
     </span>
    </p>
   </div>
   <div class='ocr_carea' id='block_1_3' title="bbox 0 0 1564 5494">
    <p class='ocr_par' dir='ltr' id='par_1_3' title="bbox 0 0 1564 5494">
     <span class='ocr_line' id='line_1_43' title="bbox 0 0 1564 5494; baseline 0 3"><span class='ocrx_word' id='word_1_376' title='bbox 0 0 1564 5494; x_wconf 95' lang='lat' dir='ltr'><strong> </strong></span> 
     </span>
    </p>
   </div>
  </div>
 </body>
</html>
