3078 5494
1141 409 1233 502 205

538 441 814 531 1ΒΑΊἸΙἘΑΧῊ.

114 637 209 714 Inde
228 637 339 712 furor
358 636 493 740 vulgo,
514 637 619 739 quod
635 639 790 718 numina
807 639 1015 714 vicinorum

112 757 204 832 Odit
222 775 386 860 uterque
405 755 534 844 loom,
552 783 669 857 quum
690 753 789 830 solos
808 755 939 837 credat
958 755 1154 831 habendos

111 877 203 974 Esse
221 876 341 964 Deos,
359 899 456 976 quos
475 876 555 976 ipse
575 871 679 948 colit.
705 872 781 946 Sed
799 891 968 976 tempore
990 870 1088 948 testo

110 992 279 1068 Alterius
299 989 432 1096 populi
451 989 633 1093 rapienda
654 992 801 1066 occasio
819 993 965 1065 cunctis

110 1113 204 1186 Visa
223 1111 462 1183 inimicorum
481 1105 711 1208 primoribus
731 1133 774 1182 ac
793 1105 971 1200 ducibus,
990 1134 1039 1182 ne
1205 1143 1238 1193 ω

111 1229 272 1312 Laetum
290 1223 526 1324 hilaremque
546 1221 667 1314 diem,
688 1249 737 1298 ne
756 1251 910 1326 magnae
932 1224 1067 1326 gaudia
1083 1249 1225 1307 coenae

110 1344 329 1430 Sentirent,
349 1341 479 1443 positis
497 1337 545 1414 ad
564 1337 704 1441 templa
722 1357 761 1414 et
778 1343 942 1444 compita
958 1343 1094 1415 mensis

111 1457 367 1560 Pervigilique
388 1473 496 1544 toro,
516 1481 630 1558 quem
648 1474 760 1531 nocte
779 1482 822 1532 ac
840 1455 927 1532 luce
944 1458 1128 1532 iacentem

110 1575 303 1678 Septimus
322 1570 513 1654 interdum
532 1571 588 1646 sol
607 1573 763 1647 invenit.
791 1571 959 1650 Horrida
979 1599 1068 1647 sane

111 1695 328 1796 Aegyptus:
348 1689 414 1772 sed
433 1687 606 1779 luxuria,
625 1693 908 1797 quantumxipse
926 1692 1078 1782 notavi,
1192 1727 1225 1772 45

110 1808 281 1882 Barbara
301 1805 445 1884 famoso
456 1821 542 1881 'non
561 1805 662 1881 cedit
680 1806 793 1882 turba
816 1811 982 1912 Canopo.
1053 1805 1057 1814 ’

110 1921 224 1996 Adde
238 1977 248 2012 ,
261 1919 369 2024 quod
386 1939 423 2018 et
441 1921 563 1996 facilis
583 1925 740 1998 victoria
757 1922 806 1997 de
825 1921 983 1999 madidis
1003 1942 1041 1998 et

4 2103 5 2106 ,
110 2037 256 2133 Blaesis
276 2053 390 2140 atque
409 2063 513 2144 mero
535 2037 795 2116 titubantibus.
824 2037 919 2112 Inde
941 2040 1109 2115 virorum

47 2245 48 2249 Ἰ
111 2151 279 2228 Saltatus
298 2156 408 2256 nigro
428 2153 603 2243 tibicine,
622 2153 913 2258 qualiacumque

112 2273 153 2338 V
156 2287 322 2372 nguenta
341 2287 379 2356 et
395 2269 510 2362 flores
530 2269 746 2372 multaeque
765 2274 805 2345 in
826 2271 954 2353 fronte
975 2299 1163 2350 coronae:
1208 2309 1242 2360 ω

112 2389 214 2461 Hinc
234 2389 401 2461 ieiunum
421 2386 564 2464 odium:
582 2388 648 2461 sed
667 2390 787 2490 iurgia
807 2392 926 2493 prima
950 2413 1084 2464 sonare

111 2505 310 2608 Incipiunt
328 2505 459 2578 animis
479 2503 722 2580 ardentibus:
741 2505 832 2580 haec
853 2505 944 2580 tuba
964 2507 1075 2580 rixae.

112 2715 178 2772 ebes
204 2717 248 2787 qui
273 2727 318 2771 ont
345 2695 386 2770 dle
406 2717 480 2772 saites
498 2736 530 2772 en
553 2719 655 2788 Egypte
679 2692 686 2708 .
741 2725 782 2772 44.
796 2718 918 2772 interdum
940 2727 964 2772 t.
982 2725 1239 2791 ⁴4.48.25.tss.5=7.·

113 2801 233 2872 pendant
267 2800 439 2870 l'expe'dition
470 2801 502 2854 de
542 2801 658 2855 l'armee
707 2803 749 2852 58.
766 2803 806 2851 59.
824 2805 917 2852 oste.
931 2807 972 2854 67.
985 2803 1126 2854 6274275.
1142 2809 1184 2855 76.
1196 2807 1240 2856 82.

1 2895 2 2942 ξ
114 2885 295 2956 Frangnise.,‚
311 2887 389 2940 Poris.
411 2889 484 2940 48⁴8.
498 2889 529 2940 T.
544 2885 675 2972 ttuoie·
706 2885 799 2934 interea
820 2886 861 2935 40.
883 2891 924 2934 44.
944 2887 984 2936 42.
1008 2890 1047 2936 45.
1064 2891 1104 2938 46.
1125 2891 1163 2937 47.
1176 2891 1241 2937 49·-

114 2968 280 3040 Livr.Cbop.
293 2971 327 3024 X.
386 2983 389 2994 ·
634 3018 636 3036 Ι
707 2969 749 3042 24.
762 2970 953 3020 nessaeo.
964 2971 1005 3019 49.
1020 2972 1062 3019 50.
1084 2973 1127 3019 st.
1146 2974 1188 3020 55.
1198 2975 1241 3021 56.

152 3057 194 3106 se.
207 3052 281 3122 vulga*
297 3058 338 3106 is.
349 3060 387 3108 u.
401 3057 438 3106 t9.
449 3045 492 3107 lo.
506 3059 547 3106 22.
561 3059 602 3108 23.
613 3058 655 3110 as.
707 3055 815 3104 ‹so-ss.
831 3059 873 3106 os.
888 3057 1132 3108 seu-mnae
1144 3055 1243 3107 ΜΠ

707 3135 783 3188 MSS.
802 3135 881 3188 Paris.
899 3153 928 3188 ex
946 3135 1040 3205 quibus
1053 3135 1117 3189 illud
1132 3155 1240 3192 revoca·

707 3219 745 3271 vit
762 3217 828 3272 Acb.

115 3140 161 3188 45.

154 3226 198 3274 37.
213 3217 280 3272 Colit
295 3221 465 3272 23.-'·0redit
478 3225 520 3272 22.
535 3225 575 3274 25.

154 3309 198 3357 39.
215 3305 299 3359 multis
313 3323 359 3373 pro
372 3301 463 3356 eunctis
483 3311 522 3358 ⁴5.

153 3391 197 3438 40.
215 3385 245 3439 V
245 3391 328 3456 itaque
346 3391 465 3446 maianus
477 3389 655 3442 70-mat'ori-

117 3469 203 3522 lemno
220 3471 322 3523 ducibus
339 3479 380 3526 st.
472 3491 474 3498 ·

153 3561 251 3606 4t.nee
265 3572 373 3624 nmgnoe
390 3563 433 3607 tt.
453 3573 562 3623 magnae
574 3573 604 3608 ne
615 3558 657 3606 45.

4 3699 8 3708 ¹
117 3657 231 3710 mogiane
246 3658 290 3690 nec
304 3645 346 3693 23.
357 3669 391 3680 -
399 3641 495 3710 guardia
505 3645 573 3692 υἰιαο
587 3644 630 3693 22.

53 3717 57 3724 ’
157 3725 201 3774 42.
215 3721 321 3774 desiliret
337 3729 376 3776 46.
393 3731 435 3776 ⁴5.
448 3731 489 3778 67.

155 3811 198 3860 43.
210 3805 265 3858 luce
274 3827 307 3858 ac
319 3821 388 3858 nocte
403 3809 477 3874 (cum
494 3807 593 3876 ingrata
607 3805 657 3860 eli·

119 3891 209 3958 sione)
232 3895 324 3942 tou.
347 3896 385 3943 ⁴2.
402 3900 442 3946 ⁴7.
458 3895 659 3945 ⁴9.20.2t.27.

120 3980 234 4028 45-49.
250 3979 291 4028 54.
313 3980 354 4028 55.
379 3980 488 4028 57-60.
509 3982 551 4028 64.
565 3973 659 4026 -Pt'o

120 4065 261 4119 iactantem,
288 4059 314 4112 b.
336 4077 358 4110 e.
382 4070 510 4125 stratum,
537 4059 660 4114 Platbner

120 4140 192 4208 conj.
206 4142 327 4194 calentem
340 4139 394 4194 scil.
403 4141 434 4194 ab
447 4141 487 4207 iis,
499 4141 545 4211 qui
559 4141 660 4194 assidue

121 4225 148 4277 ei
173 4223 305 4277 incubant.
325 4225 382 4295 Ego
395 4223 501 4276 malim:
522 4245 570 4295 quo
589 4235 661 4277 nocte

121 4327 154 4361 ac
164 4307 219 4360 luce
228 4310 337 4360 'hermes
350 4309 475 4376 Septimus
486 4305 607 4359 interdum
621 4308 661 4360 sol

122 4393 225 4443 invenit.
249 4393 288 4444 Ex
310 4411 357 4463 qno
380 4391 456 4445 facite
480 4393 536 4445 lieri
561 4402 662 4460 poteret

125 4491 198 4543 qrrem
212 4483 318 4546 propter
331 4473 515 4544 compendium
528 4472 605 4528 scrib.

741 3339 781 3384 44.
806 3339 848 3386 45.
869 3332 971 3385 leonida
994 3351 1053 3384 eme
1077 3334 1127 3385 Est
1152 3333 1245 3403 θυμω

707 3426 794 3482 recte,
809 3417 912 3488 opinor,
925 3416 993 3485 conj.
1007 3415 1144 3470 Schrader.
1195 3453 1198 3460 ·

742 3522 785 3570 46.
804 3521 861 3586 ripa
881 3513 949 3583 (scil.
966 3513 1098 3570 orientalis
1120 3513 1193 3578 Nili,
1216 3513 1244 3566 in

709 3621 759 3671 qua
771 3601 819 3654 sita
831 3603 939 3670 Coptos)
952 3603 1081 3671 protis-bo
1093 3606 1118 3651 ³.
1131 3603 1154 3651 5.
1164 3607 1189 3652 7.
1204 3605 1244 3652 to.

711 3695 751 3738 44.
774 3689 813 3736 42.
836 3692 877 3736 45.
892 3689 931 3736 46.
947 3688 1106 3738 47.49-·27.
1120 3688 1161 3735 29.
1176 3685 1244 3734 45-

709 3773 750 3819 49.
760 3773 802 3820 54.
814 3773 856 3819 55.
871 3773 980 3820 58-63.
998 3773 1038 3820 65.
1049 3773 1091 3820 66.
1104 3763 1246 3818 eldlmitlt't

709 3870 768 3922 pars
780 3851 855 3904 MSS.
869 3850 949 3904 Paris.
963 3849 1031 3902 forte
1044 3859 1069 3901 et
1079 3859 1152 3902 vetus
1159 3847 1246 3901 Scbol.

710 3936 782 3988 cuius
797 3933 880 4005 glossa
894 3945 946 3988 est:
973 3933 1062 3986 Latini
1078 3938 1151 4004 ripa,
1166 3951 1246 4002 quam

709 4018 834 4072 Scbnrzll.
848 4037 905 4070 eam
918 4017 1023 4088 putabat
1037 4017 1102 4079 dici,
1115 4027 1245 4086 quactum

710 4103 756 4158 sub
768 4113 891 4174 potestate
903 4103 1056 4154 Latinorum
1070 4101 1155 4154 suerit.

746 4206 931 4271 Stgcmtiuum
951 4201 1035 4252 odium
1055 4211 1095 4254 44.
1113 4205 1154 4252 24.
1175 4200 1246 4270 qnod

711 4297 736 4344 et
758 4285 824 4338 male
845 4286 913 4354 conj.
936 4283 1186 4357 Merula.gruzi11n1n
1204 4289 1247 4338 49.

711 4375 744 4425 20
758 4391 773 4422 a
785 4390 820 4422 m.
833 4389 883 4424 see.
916 4379 919 4384 ’

747 4472 844 4526 521·oe
858 4473 914 4525 tuba
931 4477 973 4526 22.
