3056 5490
522 461 671 517 sirint
716 463 769 518 tv.
1114 453 1203 548 4¹7

93 655 142 707 inr.
155 657 228 707 Rom.
242 658 274 708 T.
289 657 320 709 tt.
335 673 360 725 p.
379 661 427 710 50⁴
441 673 492 726 seq.
510 657 626 720 confusa,
676 657 725 710 tius
745 673 799 708 esse
816 655 1000 726 cogitandum,
1016 659 1059 726 qni
1076 659 1106 710 at
1121 660 1208 727 puteal

93 741 118 789 n'
133 737 260 792 Sabrsasio
283 735 396 822 priimum
418 738 451 791 ud
467 738 585 792 Solinum
599 757 625 808 p.
676 741 780 794 Libonis
798 743 935 794 consistere
952 741 1070 815 solerent..
1085 743 1125 794 Ad
1138 742 1208 796 liuuc

93 826 142 874 802
163 839 215 888 seq.
235 823 474 887 distincta,'unum
492 823 583 874 Naevii
599 824 625 876 in
672 832 762 880 ¹tanum
780 824 866 878 locum
888 827 989 878 monuit
1010 837 1061 878 vet.
1073 845 1205 879 commen·

93 905 213 968 comitIo,
229 907 324 975 dequo
336 905 451 975 loquitur
464 905 518 959 Cic.
531 905 563 958 de
574 906 621 958 Di·
675 918 719 962 tut.
737 911 819 978 Cruq.
840 908 932 960 Puteal
943 909 1079 962 inmiserat
1087 913 1114 961 iu
1121 913 1188 982 foro
1196 897 1210 972 ‚¹

93 990 149 1040 sin.
162 992 172 1040 l
180 1032 187 1054 ‚
207 999 255 1057 ⁴⁷5
269 991 336 1045 conf.
348 993 402 1044 Lis.
411 994 439 1050 l.
450 998 499 1059 363
512 989 624 1044 alterum
674 993 710 1044 act
728 1011 799 1062 quaem
820 993 996 1044 conveniebant
1017 1007 1164 1046 mercatores
1184 1005 1209 1046 et

94 1073 202 1128 Libonis
225 1074 253 1126 in
277 1074 376 1144 porticu
395 1075 460 1128 lulia
486 1075 518 1128 ad
536 1095 626 1130 arcum
667 1077 824 1148 senseramus
838 1079 873 1130 ud
889 1077 1204 1145 uaderrdwnetrecipien-

90 1157 246 1212 Fabianum.
275 1161 363 1230 Neque
380 1172 482 1228 praeter
499 1162 562 1214 baec
576 1159 624 1212 alia
674 1161 741 1212 dans.
750 1161 808 1212 Atti
823 1161 996 1230 dicantjisisse
1007 1181 1054 1230 pro
1066 1165 1158 1222 rostris,
1168 1164 1208 1214 adsi

89 1245 190 1294 llomae
208 1243 287 1295 fuisse
307 1243 415 1312 putealia
435 1244 492 1313 quis
504 1244 621 1296 adlirmu·
674 1245 782 1296 triburia!
793 1256 847 1296 erut
856 1248 987 1313 praetoris.
1007 1245 1077 1299 idem
1092 1245 1144 1311 (ud
1156 1248 1207 1296 llo-

83 1326 177 1380 ¹uerit?
196 1329 275 1380 Vetus
295 1327 373 1379 Persii
394 1327 520 1398 interpres
542 1327 620 1381 intel·
674 1335 722 1378 rat.
738 1327 817 1394 Epist.
838 1325 1209 1394 l,t9.)ait‚1›uteulLibottis

87 1407 148 1481 ligii
170 1410 197 1462 lt.
216 1410 234 1463 Ι.
257 1411 343 1482 puteal
362 1413 489 1464 Scribonii
503 1397 624 1474 Lilsmis,
673 1407 786 1459 tribuual
811 1407 897 1460 luisse.
923 1411 992 1458 Cum
1012 1408 1060 1461 lroc
1082 1409 1210 1461 consentit

89 1493 162 1545 cuius
181 1495 309 1560 formam,
324 1513 382 1546 arae
394 1493 624 1563 instar,innumis
675 1488 799 1560 Purpbyr.
818 1488 850 1541 ad
870 1494 984 1542 eundem
1005 1488 1099 1542 locum.
1128 1491 1207 1546 Vides

88 1575 202 1646 antiquis
222 1575 377 1646 descriptam
394 1577 478 1630 adhuc
491 1577 622 1631 babemus.
673 1574 725 1626 ium
749 1577 818 1627 inter
839 1576 1019 1643 grammaticos
1040 1574 1112 1638 litem
1135 1595 1210 1636 esses

88 1661 142 1712 lain
156 1679 218 1714 uero
231 1663 395 1716 casaubonus
407 1663 552 1726 existimat,
573 1685 619 1733 pu·
673 1676 738 1726 ΨΜ
750 1676 764 1708 ³
778 1657 851 1724 ¹¹¹?lll3
864 1657 1104 1727 ⁰9mP⁰¹¹l⁰⁸¹ll¹lls
1118 1677 1208 1730 quum

90 1745 143 1795 tcal
155 1743 181 1797 b.
203 1743 219 1796 l·
237 1765 285 1817 pro
304 1747 364 1800 foro
383 1765 436 1798 esse
454 1748 581 1816 positum,
599 1757 624 1799 et
675 1740 780 1794 diflicile
800 1745 833 1793 sit
846 1741 977 1803 iudicatu,
989 1746 1031 1794 cui
1046 1743 1140 1794 borum
1154 1743 1208 1812 plu·

90 1825 226 1896 flagellare
253 1829 345 1899 finum
377 1845 424 1893 pro
435 1839 446 1877 ι’
477 1827 625 1896 frequenter
650 1873 653 1881 ,
675 1827 771 1878 rinium
797 1826 907 1889 tribuas,
932 1827 1206 1898 Casaubouianamque

89 1907 162 1958 adire
181 1909 291 1973 forum,'
317 1923 360 1962 aut
383 1911 411 1962 in
430 1910 503 1962 turba
529 1911 623 1963 lorensi
674 1909 706 1962 de
731 1911 788 1962 foro
811 1921 837 1962 et
857 1908 979 1962 tribunali
1005 1913 1133 1962 rationem
1155 1929 1207 1963 non

89 1990 205 2056 quotidie
221 1993 375 2046 versurirld
391 1996 514 2046 nsaiorem
534 1995 623 2062 inpro·
674 1997 763 2063 utique
788 2011 842 2046 esse
866 2012 880 2044 a
902 1992 1028 2045 Salmasio
1051 1993 1208 2057 refutatam,

87 2069 174 2126 bitatis
191 2072 391 2130 declarationem
405 2076 474 2128 idem
490 2086 559 2144 putot
577 2077 622 2128 ad·
674 2096 734 2130 nam
752 2077 830 2139 inde,
842 2075 915 2146 quod
929 2076 1034 2144 adparet
1047 2075 1087 2128 vel
1101 2078 1204 2128 exosi-

91 2156 187 2210 iectum
210 2176 262 2212 esse
286 2163 365 2212 multo
388 2162 478 2221 vibice,
500 2179 559 2212 nam
579 2162 623 2212 ubi
674 2163 717 2215 dio
738 2161 864 2230 (Remed.
885 2165 919 2213 A.
932 2164 1003 2225 56⁴.)
1016 2161 1048 2214 ad
1061 2159 1145 2230 puteal
1158 2180 1205 2212 ne·

93 2243 169 2294 turbu
189 2245 222 2298 sit
241 2245 378 2300 bominum
399 2246 506 2299 aliorum
523 2247 548 2297 in
560 2247 624 2300 alios
674 2244 742 2314 gotia
763 2261 810 2296 sua
827 2252 944 2295 tractasse
966 2243 1140 2304 feneratores,
1153 2243 1208 2294 mi-

93 2326 299 2396 iucurrentium,
315 2331 350 2384 ibi
362 2333 428 2384 rixas
439 2331 554 2395 esse‚ibi
568 2351 623 2383 ver·
673 2325 745 2380 nime
766 2325 899 2394 sequitur,
922 2323 1007 2394 puteal
1029 2344 1075 2392 pro
1101 2325 1158 2376 foro
1182 2335 1208 2376 et

89 2409 153 2462 bera
177 2423 203 2465 et
227 2413 323 2466 sibices
344 2414 440 2481 (forsan
468 2417 621 2476 lusenlll,
671 2407 795 2460 tribunali
812 2426 864 2460 non
882 2407 975 2460 debere
989 2407 1084 2475 adcipi,
1100 2407 1149 2458 nisi
1162 2427 1205 2459 uc·

91 2499 142 2548 244
158 2513 229 2568 seqq.
252 2496 388 2567 respexit).
408 2499 437 2551 τὸ
458 2513 539 2549 contus
564 2497 624 2549 artis
674 2493 713 2544 fas
736 2491 876 2555 existimes,
895 2490 1072 2542 anctoritatem
1094 2489 1202 2542 scholia-

93 2579 205 2631 verbum
228 2599 297 2648 esse,
319 2581 450 2650 proprium
476 2583 546 2633 euim
570 2579 622 2632 fori
673 2588 726 2628 stae
746 2574 839 2636 Persii,
858 2574 903 2644 qui
927 2573 960 2624 de
977 2571 1164 2625 feneratoribus
1180 2571 1206 2624 b.

90 2661 178 2731 periris
190 2675 216 2716 et
233 2663 396 2734 pragmaticis
407 2683 507 2718 cavere.
522 2665 557 2717 Vr
571 2683 618 2716 au·
673 2657 689 2710 l.
717 2658 755 2730 agi
776 2659 913 2727 opinatur,
948 2656 1088 2728 negligere.
1123 2657 1207 2726 Pergit

91 2758 147 2799 tem
166 2747 208 2800 bic
228 2767 319 2800 versus
335 2749 367 2802 ad
393 2747 522 2801 Neronem
547 2747 622 2816 perti·
673 2736 1206 2809 Salmasius,demorefieri,'utquifie·

90 2850 154 2886 nere
182 2832 279 2902 possit,
298 2830 403 2885 aiteram
432 2831 552 2902 proponit
575 2851 619 2882 ex·
674 2837 781 2896 quenter
807 2826 839 2877 ad
868 2823 953 2878 locum
980 2823 1093 2891 aliquem
1117 2841 1207 2876 couve-

89 2914 270 2986 plicationem,
296 2927 487 2988 nocturnasque
513 2915 624 2968 Neronia
674 2908 765 2972 niani,
789 2906 875 2974 ibique
911 2905 956 2956 diu
983 2903 1136 2976 ἆθξῐᾶἓῑὶῦῑ,
1162 2921 1207 2973 per
1285 2913 1287 2920 ⁴

90 2999 260 3070 grassationes
284 2999 393 3068 spectari
415 3009 505 3070 putat,
529 2999 623 3070 quibus
674 2993 757 3046 otium
779 3009 852 3060 saepe
874 2990 938 3042 dum
952 2987 1023 3042 aliud
1037 2998 1112 3059 agant
1128 2998 1154 3039 et
1170 2986 1207 3038 lo·

48 3145 55 3160 ¹
89 3101 223 3152 pererrare
247 3083 336 3172 forurp
359 3084 498 3152 obviosque
519 3084 624 3136 caedere
674 3085 802 3145 quantur,
823 3071 864 3125 vel
887 3071 945 3125 stilo
962 3073 1085 3142 parietem
1096 3071 1207 3123 conseri.

90 3165 194 3222 soleret.
208 3170 242 3221 Et
258 3167 317 3236 quia
331 3171 358 3220 in
372 3167 411 3220 his
423 3167 624 3237 grassationibus
674 3159 779 3224 hillessls
798 3156 838 3210 Vel
858 3156 985 3228 “flgffil’u’
1007 3154 1144 3217 ‘lt'fssflfflls
1168 3153 1208 3206 vel

90 3249 186 3304 milites
213 3269 314 3320 semper
339 3261 440 3320 praesto
463 3253 623 3320 esseut‚qui
675 3244 770 3314 aliquid
786 3260 911 3314 nugarum
926 3240 1027 3293 faciant.
1047 3237 1209 3308 Hinclepide

90 3335 188 3394 Neroni
213 3334 340 3386 auxilium
365 3335 482 3397 ferrent,
503 3333 623 3386 etiamen*

89 3431 188 3480 matus,
207 3421 265 3472 sutis
286 3418 352 3472 bene
369 3417 417 3470 bac
429 3419 528 3470 ratione
541 3427 625 3486 potest

90 3501 231 3554 inlustrari.
240 3502 327 3554 Prima
345 3501 521 3570 interpretatio
532 3503 625 3552 Casuu-

89 3585 177 3647 bouo,
199 3603 277 3655 prope
296 3584 423 3647 dixerim,
443 3583 551 3656 indigna
571 3595 624 3646 est;

89 3666 171 3722 ultera
190 3688 250 3721 sane
271 3668 443 3737 probabilior,
459 3668 538 3720 morlo
564 3667 626 3718 baec

90 3751 124 3802 ad
137 3752 268 3804 Neronem
282 3752 348 3804 trahi
361 3761 479 3820 possent,
492 3751 524 3802 ad
537 3767 625 3819 (quens,

89 3846 119 3887 ut
134 3832 178 3886 ille
196 3836 238 3888 vir
251 3835 438 3888 eruditissimus
455 3833 508 3902 ipse
522 3833 626 3890 fatetur.

91 3937 182 3972 seram
200 3925 231 3970 47
258 3917 351 3970 saltem
368 3917 496 3988 pertinere
511 3935 562 3968 uon
578 3935 622 3983 po·

89 4009 156 4065 test,
180 4001 268 4070 itaque
287 4020 341 4054 nou
364 4000 447 4071 magis
468 4000 521 4064 bic,
535 3999 578 4066 qui
588 3992 626 4049 iu·

90 4095 217 4156 terpretcs
238 4103 317 4154 usque
336 4084 419 4136 adbuc
440 4083 514 4136 torsit
525 4095 552 4136 et
562 4099 628 4132 sern-

91 4187 138 4240 per
156 4169 293 4238 torquebit.
305 4166 389 4221 Aliam
405 4167 475 4219 viarn
487 4165 627 4218 Salmasius·

91 4253 109 4305 l.
133 4271 156 4306 c.
171 4252 301 4322 iugressus
326 4261 377 4316 est,
394 4261 521 4321 negatque
542 4249 628 4319 puteat

92 4337 144 4389 lsoc
163 4335 219 4390 loco
239 4336 359 4406 profero
380 4346 424 4387 aut
438 4335 573 4386 dicasterio
584 4332 627 4385 ad·

89 4423 142 4492 cipi
162 4441 252 4493 posse,
276 4420 320 4474 sed
334 4421 367 4474 cle
384 4420 569 4474 feneratoribus
586 4439 628 4490 po·

197 4549 277 4618 Ivv.
302 4546 329 4618 l.

676 3328 773 3380 dictum
792 3345 847 3378 esse
866 3336 892 3376 et
902 3324 1043 3394 ι’μφατικῶς
1059 3323 1091 3375 de
1105 3323 1206 3390 fenera·

675 3420 745 3474 tore,
758 3407 802 3476 qui
816 3416 898 3460 totum
913 3404 983 3456 diem
998 3404 1029 3458 ad
1049 3403 1137 3471 puteal
1151 3421 1209 3456 con·

676 3494 794 3553 sisteret,
809 3501 944 3558 expectans
958 3492 1001 3556 qui
1016 3486 1153 3557 pecuniam
1167 3486 1209 3538 ad·

676 3579 760 3646 cipere
784 3573 880 3636 vellet,
908 3569 988 3623 multa
1012 3570 1095 3622 vibice
1119 3569 1206 3639 puteal

676 3678 737 3712 essm
764 3657 903 3728 flagellare.
931 3658 1030 3707 Verum
1057 3651 1127 3706 enini
1150 3673 1212 3706 uero

678 3765 730 3796 sion
745 3754 799 3798 erut
812 3742 928 3804 Satis-ici,
941 3759 974 3792 ne
987 3739 1073 3791 dicam
1087 3737 1183 3800 Persii,
1197 3757 1213 3788 a

677 3830 754 3881 rebus
779 3826 920 3879 levissimis
936 3844 965 3876 ac
983 3823 1097 3876 fortuitis
1113 3821 1212 3874 colores

678 3911 796 3964 mutuari
816 3908 848 3960 ad
871 3909 898 3964 it
915 3905 1131 3967 describendum,
1143 3903 1215 3974 quod

677 3993 855 4064 indignatione
876 4011 920 4044 sua
940 4000 965 4041 et
986 3989 1090 4042 satirico
1112 3985 1214 4058 flagello

679 4079 789 4150 dignuin
797 4075 1215 4144 existimasset‚praescrtlmquum

680 4163 741 4214 illae
767 4161 801 4212 ad
828 4159 876 4212 hcc
902 4157 1011 4210 minime
1048 4155 1215 4225 pertinerent.

679 4243 905 4314 Simplicissimam
936 4239 1056 4292 omnium
1092 4238 1217 4306 iuterpre·

680 4339 753 4390 tum,
770 4327 816 4398 qui
831 4324 895 4376 mihi
907 4321 1012 4393 quidem
1027 4323 1215 4383 innotuerunt,

681 4415 807 4467 rationem
827 4412 880 4465 iam
901 4421 956 4464 aute
981 4407 1038 4464 illos
1062 4405 1216 4460 dnunniros

1042 4529 1117 4602 Del
