3098 5498
505 473 516 516 Ι
562 411 707 469 strum
745 413 806 470 tx.

1151 385 1236 512 167

120 607 237 702 Quod
257 623 381 682 tamen
401 605 449 680 ad
468 623 620 680 cantum
640 606 728 710 galli
746 607 837 684 facit
856 607 921 684 ille
942 612 1119 703 secundi,

120 725 319 799 Proximus
338 739 425 826 ante
444 721 545 796 diem
564 748 685 826 caupo
706 727 817 800 sciet:
838 723 966 800 audiet
984 746 1022 804 et
1047 757 1144 832 quae

119 839 331 913 Finxerunt
350 839 495 943 pariter
515 835 712 930 librarius,
731 841 990 944 archimagiri,

120 956 334 1059 Carptores.
355 953 467 1050 Quod
476 957 576 1030 enim
587 952 762 1034 dubitant
779 984 1008 1061 componere
1026 964 1168 1036 crimen
1190 999 1238 1052 uo

118 1073 165 1144 In
186 1072 379 1162 dominos,
399 1075 547 1175 quoties
568 1073 783 1149 rumoribus
800 1074 1037 1154 ulciscuntur

117 1187 280 1263 Balteo?
304 1192 383 1264 Nec
404 1187 548 1278 deerit,
568 1190 690 1290 quite
711 1217 780 1294 per
797 1195 959 1296 compita
977 1211 1136 1296 quaerat

118 1302 343 1396 Nolentem,
362 1324 402 1380 et
420 1308 591 1383 miseram
611 1308 761 1380 vinosus
779 1307 942 1392 inebriet
959 1337 1098 1386 aurem.

118 1415 209 1494 Illos
229 1449 321 1523 ergo
339 1448 472 1524 rogeo,
494 1420 684 1524 quidquid
700 1419 816 1525 paulo
833 1440 921 1500 ante
937 1425 1090 1531 petebas

116 1541 148 1611 A
169 1537 290 1614 nobis.
319 1541 485 1614 Taceant
502 1537 579 1614 illi:
598 1537 665 1613 sed
682 1538 846 1642 prodere
865 1540 1012 1630 maluut

114 1663 328 1747 Arcanum,
349 1685 462 1758 quam
480 1657 650 1761 subrepti
669 1673 801 1760 potare
819 1656 991 1750 Falerni,

113 1775 193 1847 Pro
212 1771 359 1878 populo
377 1774 519 1847 faciens
540 1791 724 1876 quantum
737 1773 911 1860 Laulclla
929 1775 1092 1864 bibebat.

113 1889 331 1966 Vivendum
350 1906 452 1966 recte
472 1906 527 1964 est
537 1947 550 1980 ,
570 1915 654 1968 cum
674 1905 833 1994 propt'cr
850 1888 1035 1994 plurima,
1051 1909 1130 1982 tum
1148 1894 1206 1968 his

113 2008 323 2110 Praecipue
340 2009 478 2098 causis,
498 2024 541 2082 ut
559 2005 706 2110 linguas
726 2008 1000 2111 mancipiorum
1318 1991 1322 2002 ¹

1184 1581 1234 1632 ⁴⁴5

113 2253 198 2302 elever
223 2267 320 2314 omma,
336 2269 415 2318 prope
433 2262 506 2310 uetur
525 2251 648 2312 4444444444
697 2251 766 2322 quod
786 2269 839 2316 nou
860 2263 1015 2326 oempomut
1035 2263 1231 2310 eet-wrm

113 2335 219 2390 emend.
237 2335 363 2388 Scbtunss.
384 2335 442 2404 quia
464 2353 516 2386 non
531 2345 589 2406 apte
603 2335 644 2388 di·
696 2342 738 2391 49.
758 2341 800 2390 60.
819 2343 860 2391 65.

116 2429 192 2470 eatur
216 2437 313 2481 omnes,
339 2420 360 2470 44
388 2417 435 2470 soli
456 2427 499 2472 aut
521 2418 575 2471 bini
596 2419 649 2472 44444
732 2419 986 2473 111.ὼωί44444424.

115 2504 186 2553 intra
195 2501 330 2554 conclavia.
353 2504 409 2570 ipre
419 2499 484 2554 olim
501 2501 648 2571 suspicabar
731 2509 789 2556 414.
805 2522 868 2574 roga
885 2508 925 2557 46.

115 2589 213 2636 44444444
226 2604 257 2637 44.
272 2585 299 2644 io
315 2584 412 2640 lector.
425 2585 647 2648 eomuoetmediu
730 2593 787 2640 447.
797 2586 899 2657 644ρἰ
915 2595 957 2643 64.
972 2593 1062 2644 7075.
1077 2596 1119 2642 76.
1131 2596 1171 2644 77.
1185 2594 1227 2644 82.

112 2680 189 2721 nocte
208 2668 254 2736 (ad
274 2682 372 2721 contum
393 2671 458 2740 gatti
479 2690 503 2722 v.
522 2675 578 2723 107.
595 2688 646 2737 quo
694 2669 803 2734 limeseia
820 2676 859 2726 27.
879 2675 975 2726 toea.
993 2679 1034 2726 58.
1051 2680 1091 2726 64.
1120 2673 1228 2744 Larp'eln

112 2752 277 2822 potissimum
310 2764 426 2822 tempore
457 2751 553 2822 aliquid
578 2751 644 2805 elem
696 2760 804 2809 44-17,
819 2760 861 2810 20.
875 2760 972 2808 rum.
991 2761 1033 2810 24.
1047 2757 1227 2830 Lmsellott).

110 2840 169 2888 lieri
191 2847 273 2906 potest
291 2847 316 2910 et
334 2835 418 2904 solet)
437 2843 519 2890 ouuter
536 2835 646 2890 cerviae
696 2844 735 2890 41.
757 2843 798 2892 18.
819 2844 859 2892 19.
883 2845 924 2892 25.
944 2845 988 2894 25.
1009 2845 1050 2892 45.
1071 2847 1113 2892 46.
1126 2845 1166 2893 te.
1180 2847 1226 2894 40.

111 2919 229 2990 reliqui,
247 2923 292 2989 qui
309 2919 337 2972 in
353 2919 458 2974 aedibus
477 2931 552 2985 44444,
569 2931 595 2974 et
605 2939 644 2974 re·
694 2927 736 2975 56.
753 2927 794 2974 57.
809 2925 916 2974 59-63,
940 2927 1050 2976 65-449.
1073 2927 1180 2976 74-71.
1200 2932 1228 2978 ct

109 3005 176 3058 -rnoti
194 3023 208 3055 4
225 3003 345 3058 cubiculo
359 3003 476 3068 domiui,
500 3023 576 3075 prope
595 3005 646 3058 boe
692 3021 784 3060 omne·
799 3003 963 3068 4404144444.
984 3004 1054 3058 unde
1067 3005 1131 3074 illud
1145 3026 1220 3062 revo·

79 3099 81 3104 '
110 3087 260 3140 cubiculum
280 3104 352 3140 nemo
370 3089 493 3140 recumbe
514 3100 561 3142 cet.
592 3089 642 3142 Sed
692 3089 823 3142 caricum
837 3087 901 3142 Aah.
917 3107 1007 3158 usup-
1027 3087 1125 3152 udvt,
1142 3096 1199 3144 320.

109 3189 164 3224 non
178 3179 234 3234 est,
248 3169 315 3240 quod
329 3171 512 3236 emendemur,
527 3191 591 3241 quae
605 3192 642 3226 44·
729 3178 785 3226 448.
809 3185 843 3226 eet
867 3185 931 3227 recte
953 3179 993 3229 48.
1010 3178 1051 3227 25.
1065 3179 1173 3229 46-49.
1183 3183 1227 3230 54.

109 3256 144 3306 444
154 3255 330 3318 conveniunt,
341 3264 366 3306 et
379 3269 531 3325 reponamus
538 3269 644 3324 44444444,
692 3261 802 3310 57-60.
811 3261 852 3310 64.
865 3260 906 3310 65.
920 3267 985 3308 reete
999 3275 1045 3328 pro
1059 3269 1169 3320 recteest
1184 3263 1225 3312 10.

110 3339 178 3409 quod
192 3335 261 3390 male
274 3349 441 3408 repeteretur.

694 3346 804 3393 40-17.
827 3343 933 3396 49-24.
947 3345 978 3394 45
1001 3345 1042 3396 50.
1057 3345 1098 3396 56.
1115 3345 1222 3396 61-63.

147 3434 205 3482 407.
225 3427 290 3496 gatti
314 3435 413 3480 4444444444
435 3433 476 3476 44.
503 3429 643 3496 44.-44444
691 3425 802 3474 66-69.
818 3428 1038 3486 74-74,-444444
1060 3437 1161 3494 propter
1186 3429 1225 3476 40.

110 3510 390 3565 20-4444444444417.
409 3511 451 3562 tr.

143 3601 194 3650 408
212 3599 275 3648 setar
289 3598 331 3646 15.

101 3739 104 3745 Δ
144 3685 204 3734 409.
215 3680 328 3746 libarius,
339 3676 366 3730 b.
379 3695 402 3730 e.
414 3676 561 3742 dulciarius,
577 3677 643 3745 enni.

110 3783 164 3818 noo
174 3782 269 3826 nemo,
285 3771 350 3818 terte
363 3760 508 3818 Platbuero.

146 3852 206 3902 440.
231 3845 353 3918 Raptorrs
377 3853 401 3898 4.
428 3846 545 3898 Fortorer
562 3854 586 3900 6.
601 3850 642 3900 24.

112 3929 231 3999 Coptorer
257 3938 296 3983 44.
329 3930 381 3982 Nec
407 3929 528 3993 defuere,
553 3930 643 3999 quibus

110 4009 172 4062 baec
186 4009 339 4064 arriderent.
364 4013 414 4064 Eos
429 4021 513 4064 tamen
531 4030 582 4063 non
595 4011 640 4064 bo·

110 4111 159 4146 uos
187 4105 306 4146 veterum
331 4092 510 4150 conviviorum
535 4093 645 4147 arbitros

109 4177 189 4232 fuisse
198 4218 206 4245 ,
223 4179 284 4232 dicit
297 4177 367 4247 Lips.
385 4178 487 4230 644444.
502 4180 586 4230 Serm.
603 4183 643 4245 ll,

3 4293 4 4296 =
112 4263 247 4332 2.-444444
261 4270 291 4316 47
308 4279 426 4331 rumpr.
443 4265 482 4313 40.
496 4267 538 4314 46.
553 4267 593 4315 40.
603 4268 643 4316 59.

112 4352 155 4400 60.
175 4355 217 4402 61.
238 4352 279 4400 65.
299 4349 342 4417 qui
363 4351 404 4402 17.
425 4345 476 4398 Sed
494 4347 644 4414 graviueerl

3 4431 4 4488 ᾗ
113 4431 179 4500 quat
204 4436 306 4484 crimen.
336 4428 442 4484 Nullum
469 4441 505 4482 444
529 4429 644 4496 crimen,

694 3512 734 3560 44.
756 3511 795 3560 44.
815 3509 908 3558 roro.
927 3509 969 3561 44.
990 3510 1034 3569 44.
1049 3508 1226 3577 44.-,44444

695 3596 833 3640 tt.-tum
848 3587 887 3656 1444
900 3589 1065 3646 revocarier
1077 3597 1116 3650 41.
1129 3595 1168 3642 19.
1183 3595 1226 3654 20.

692 3676 733 3729 24.
748 3677 775 3726 31
794 3692 816 3725 a.
831 3679 872 3728 50.
892 3679 1040 3728 56.t9.6r.
1055 3677 1096 3728 62.
1105 3679 1147 3728 63.
1159 3679 1226 3728 68-

693 3764 734 3810 74.
746 3769 797 3809 tum
806 3758 838 3809 de
850 3757 889 3809 bis
899 3761 939 3812 60.
947 3763 987 3810 65.
1002 3757 1111 3810 eteodtl.
1120 3759 1225 3811 Arcens.

693 3859 722 3892 ec
738 3840 863 3904 Ponlaoi,
885 3852 937 3892 tom
960 3844 1014 3892 istie
1037 3845 1078 3894 64.
1106 3851 1163 3892 turre
1185 3841 1225 3894 lu'r

694 3922 805 3996 reliqui,
820 3927 897 3977 etiam
915 3925 1026 3976 Hennin.
1054 3923 1150 3978 Omnia
1163 3923 1225 3978 baec

693 4009 841 4076 substituta,
861 4019 891 4060 ut
908 4006 1042 4062 fulciretur
1054 4025 1158 4072 ceraue,
1179 4007 1224 4078 qni

692 4105 846 4148 tamennon
860 4091 927 4144 ruitr
941 4111 1003 4146 nam
1016 4090 1089 4146 litera
1102 4111 1127 4144 m
1141 4102 1167 4145 et
1180 4111 1224 4147 vo·

693 4178 759 4231 cales
771 4179 798 4230 in
811 4177 863 4228 fine
875 4175 945 4232 vocis
964 4193 1038 4246 caepe
1054 4175 1224 4230 4444414044-

693 4274 744 4326 tur,
762 4272 788 4315 et
811 4273 868 4315 tum
890 4273 994 4332 propter
1006 4279 1135 4314 caesuram
1149 4272 1224 4332 etque

694 4347 808 4413 hiatum,
822 4345 865 4414 qui
875 4345 989 4399 iuvenali
1002 4345 1223 4415 frequentissimus

694 4441 748 4494 ert,
769 4429 950 4502 producuntur.
974 4429 1017 4483 Cf.
1039 4429 1103 4492 adl,
1123 4437 1180 4486 454.
1198 4437 1224 4482 et
