3056 5490
566 433 714 494 slt’tttt
750 436 805 494 vl.

1141 405 1236 529 459
1279 495 1285 512 .

118 630 210 702 Ossa
230 625 390 704 inodora
407 623 530 716 dabit,
548 647 615 702 sen
632 631 780 733 spirent
793 629 965 704 cinnama
984 628 1154 722 surdum,
1206 669 1238 717 ,ς

117 741 194 816 Seu
213 767 342 817 ceraso
359 759 518 845 peccent
535 745 674 833 casiae,
694 747 839 820 nescire
859 761 1026 850 paratus.
1226 745 1229 748 ’

119 862 229 934 Tune
251 859 351 936 bona
369 857 569 935 incolumis
588 862 732 936 minuas
744 863 763 936 ?
775 893 801 932 n
817 864 867 936 Et
885 863 1032 937 Bestius
1052 879 1162 964 urget

117 1058 217 1112 reditus
236 1079 290 1112 non
303 1071 442 1130 superant,
460 1059 482 1114 is
495 1078 551 1112 rem
574 1059 651 1112 sami·

115 1139 210 1194 lienem
222 1145 341 1196 minuere
357 1143 409 1196 diei
420 1161 474 1196 nun
486 1153 578 1214 potest.

152 1234 194 1281 35.
208 1235 249 1282 36.
266 1247 342 1281 umine
364 1229 431 1282 Ossa
447 1231 553 1282 imdora
575 1229 652 1282 dabit.

115 1313 232 1382 Corpore
244 1322 359 1366 cremate
372 1323 398 1366 et
419 1323 520 1382 peracto
534 1312 654 1383 essilegio

114 1395 244 1466 reliquiae
273 1396 336 1450 vino
360 1407 386 1450 et
413 1396 476 1450 lacte
505 1413 653 1466 enrupersae

117 1477 224 1532 adiectis
240 1478 362 1532 odoribus
382 1499 447 1532 urna
467 1479 652 1537 condebantur.

116 1565 240 1627 inodora,
254 1563 309 1616 sine
322 1564 454 1618 odoribus.
498 1570 592 1618 nescire
601 1585 650 1635 pa-

117 1655 200 1704 ratus,
214 1643 307 1696 lortius
321 1663 415 1713 quam:
433 1643 584 1716 negligens,
600 1645 651 1698 dis·

118 1725 240 1780 similans.
256 1747 298 1780 sess
311 1733 404 1797 apicem
416 1733 532 1794 simulne
544 1729 652 1782 undenus.

120 1805 246 1866 (truanes
268 1808 334 1862 Plin.
356 1812 388 1864 ll.
414 1810 520 1864 N..Xll.
537 1821 597 1864 seat.
612 1815 653 1863 tr.

119 1891 270 1946 cirinum
282 1904 337 1946 emt
349 1894 434 1946 frutex
449 1895 551 1948 corticis
562 1894 652 1948 odora-

120 1978 214 2030 llssimi
228 1978 342 2032 ducrum
360 1979 505 2032 cubitorum
518 1979 653 2034 altitudine

120 2061 303 2131 amplissimus.
328 2063 390 2116 lude
404 2064 654 2133 liebatnnguentum

119 2144 342 2198 cinnamominum
374 2145 456 2214 pretio
499 2146 652 2217 prodigioso.

118 2225 185 2280 Plin.
199 2227 217 2280 l.
233 2245 258 2282 e.
276 2229 343 2280 Xlll.
355 2239 416 2284 sect.
437 2237 464 2284 2.
480 2229 591 2283 Martial.
603 2233 654 2297 Ν,

121 2316 289 2364 cesennam
301 2331 368 2366 rara.
402 2315 501 2366 saudim
513 2333 562 2384 pro
573 2316 653 2370 arde.

120 2391 217 2447 Surdas
229 2415 243 2448 a
257 2393 341 2448 Plinio
361 2397 457 2450 maiore
476 2415 551 2468 saepe
572 2399 605 2451 de
621 2399 653 2452 iis

8 2543 9 2548 1
120 2477 199 2530 rebus
212 2490 362 2548 usurpatur,
368 2497 433 2548 quse
446 2497 494 2533 nec
505 2480 594 2536 oculos
606 2501 654 2536 nec

122 2579 196 2615 nares
210 2574 332 2626 movent,
345 2564 370 2616 li.
389 2564 407 2616 l.
425 2565 457 2616 de
474 2584 503 2618 re
522 2585 588 2634 qnae
604 2567 652 2618 he·

116 2643 175 2706 ‚laeti
187 2646 267 2698 odora
279 2657 326 2700 est.
352 2649 453 2702 Odores
472 2650 557 2718 itaque
574 2650 651 2703 intel·

116 2726 239 2795 ligentur
252 2733 302 2784 situ
319 2735 437 2801 centupli
456 2731 567 2805 ideoque
582 2735 654 2790 viles.

121 2808 497 2884 Sasostreoprceenteasiaems.
506 2819 653 2872 Saluiaead

121 2896 205 2948 saltn.
217 2916 243 2966 p.
258 2905 386 2968 9l9seqq.
402 2901 482 2954 fusius
494 2903 526 2954 de
538 2908 654 2956 euenumo

121 2988 149 3030 et
161 2984 230 3031 casia
247 2981 429 3051 disputantem.
446 3001 529 3056 peccet
546 2988 562 3039 i.
577 3005 598 3038 e.
612 2987 654 3041 vel

121 3061 224 3114 nullum
240 3063 348 3116 odorem
362 3069 469 3133 emittat,
485 3069 528 3122 vel
541 3069 654 3122 alienum

122 3161 138 3194 a
150 3153 244 3196 natttra
262 3162 316 3198 sua.
330 3165 413 3199 σοιαιο
430 3150 581 3220 interpretes
596 3169 651 3220 pas·

122 3225 172 3278 aim
186 3228 340 3296 ndcepemnt
353 3247 400 3300 pre
414 3237 515 3302 gummi
528 3251 542 3284 e
555 3252 655 3301 ceraso,

125 3325 219 3362 verum
231 3329 310 3382 squam
323 3318 502 3369 auctoritatem
516 3316 544 3367 in
557 3315 605 3370 lion
616 3335 654 3371 se·

122 3395 175 3444 cuti
202 3395 270 3458 sint,
295 3397 416 3465 equidem
438 3399 521 3452 adhuc
544 3402 657 3471 reperire

124 3494 177 3528 nnn
193 3479 280 3546 potui,
298 3497 382 3551 neque
399 3482 475 3535 video
491 3501 579 3551 sane,-
594 3505 657 3556 qno·

123 3560 203 3614 modo
230 3565 311 3627 casia,
334 3566 461 3634 siquidem
483 3579 570 3622 nostru
596 3576 655 3622 sinat

122 3642 194 3698 lanud
220 3645 293 3715 plane
314 3649 435 3704 absimilis
449 3663 485 3706 et
502 3663 586 3708 cortex
608 3655 657 3719 sit,

124 3723 210 3793 aliquo
222 3731 323 3798 gummi
341 3750 433 3801 genere
453 3735 532 3804 possit
553 3735 656 3788 adulte·

116 3810 185 3862 ruti.
202 3811 263 3866 Sive
277 3814 348 3866 enirn
361 3817 455 3868 casiam
468 3819 516 3870 lmc
529 3817 585 3872 locu
599 3821 653 3872 Nu·

123 3902 177 3945 ster
192 3913 237 3962 pru
255 3908 386 3966 unguento
405 3919 435 3951 es
449 3902 513 3953 cusia
527 3903 593 3956 lacto
606 3921 652 3972 po·

123 3977 221 4042 suerit,
237 3979 291 4032 sive
304 3981 387 4050 ipsum
399 3981 494 4036 librum
512 3986 592 4038 casine
605 3987 659 4038 fru-

126 4062 183 4116 ticis
196 4063 366 4130 intellexerim
381 4079 545 4140 unguentum
558 4075 658 4123 resinae

126 4158 171 4198 aut
194 4148 295 4216 gummi
314 4149 444 4204 additione
465 4171 517 4205 non
538 4171 656 4206 conrum-

126 4229 212 4298 pitur,
246 4234 295 4283 nisi
326 4251 443 4304 saporem
473 4235 583 4306 aliquem
614 4247 658 4289 aut

126 4314 235 4366 adorem
250 4317 274 4366 ei
288 4316 427 4384 adlernt,et
440 4330 546 4387 utroque
555 4323 656 4390 gummi

127 4416 245 4452 eceraso
261 4412 344 4467 caret,
366 4421 413 4454 nec
435 4407 463 4458 in
487 4403 581 4458 cortice
606 4403 658 4456 ulls

703 1062 805 1132 gummi
816 1059 940 1112 admixtio
947 1057 1033 1114 locum
1043 1059 1139 1114 hahere
1146 1072 1236 1131 potest.

704 1143 851 1196 Adulterari
865 1144 979 1209 casiam,
998 1157 1084 1198 namet
1095 1145 1193 1200 Plinius
1204 1147 1237 1198 ll.

703 1225 736 1278 dl.
751 1223 770 1276 l.
782 1245 804 1278 c.
820 1237 937 1296 styrace,
955 1231 999 1291 et,
1020 1237 1127 1298 propter
1140 1227 1235 1282 simili-

703 1306 821 1362 tudinem
843 1309 1238 1376 carlummannum

701 1391 808 1442 nmilia.
831 1391 987 1460 curitaque
1001 1398 1068 1446 casia
1090 1411 1143 1444 nnn
1155 1403 1238 1461 potest

702 1473 850 1542 permisceri
863 1473 932 1530 libro
944 1476 1024 1532 cerasi
1032 1515 1042 1540 ,
1058 1476 1101 1544 qni
1115 1476 1237 1528 eamdem

702 1556 756 1608 lere
769 1557 882 1626 speciem
897 1558 973 1613 lubet
981 1597 989 1622 ,
1003 1571 1029 1612 et
1049 1559 1085 1612 sic
1098 1559 1238 1614 adulterari

703 1651 729 1700 el
746 1643 902 1712 conrumpi?
939 1644 1010 1712 Quin
1028 1654 1089 1712 puto
1109 1646 1238 1697 Nostrum

703 1723 736 1776 de
750 1724 877 1778 industria
890 1744 971 1796 gentes
992 1727 1092 1780 fraudis
1105 1727 1237 1796 posuisse,

702 1809 783 1878 qund-
797 1809 926 1864 facillime·
949 1811 1034 1883 detegi
1059 1823 1160 1882 posset,
1186 1813 1237 1866 nisi

701 1893 777 1954 lieres
787 1896 866 1950 nimis
877 1910 978 1967 paratm
989 1909 1054 1952 esset
1066 1902 1166 1952 timue.
1181 1901 1231 1950 Ce-

702 1981 842 2034 terum.in
861 1982 1006 2036 cremandis
1032 1983 1141 2035 mortuis
1160 1999 1237 2034 usum

704 2064 787 2116 casiae
809 2065 975 2132 praecipuum
994 2064 1086 2130 sitisse,
1100 2065 1194 2118 scimus
1207 2085 1238 2116 aa

704 2145 871 2210 MartialsX,
884 2153 925 2202 9⁷.
950 2148 1050 2218 Corpus
1067 2149 1095 2200 in
1109 2167 1172 2218 rogo
1186 2148 1238 2202 iam

704 2227 865 2282 conlocatum
876 2230 1016 2303 unguentis
1033 2232 1238 2286 suaveolentlbus

704 2311 914 2381 perfundebatur.
935 2315 977 2366 An
990 2313 1056 2366 hanc
1069 2313 1102 2366 ad
1114 2333 1170 2373 rem
1184 2333 1235 2368 nn·

704 2407 801 2465 guento
814 2415 915 2466 quoque
928 2415 959 2448 ex
982 2398 1048 2450 casia
1067 2400 1107 2450 usi
1120 2398 1172 2450 aiut
1190 2417 1237 2450 ae·

704 2489 786 2543 teres,
798 2478 863 2532 mihi
878 2479 983 2548 quidam
1006 2497 1060 2534 non
1080 2479 1177 2550 liquet;
1191 2481 1237 2536 sed

703 2565 794 2618 casiam
812 2563 893 2632 ipsam
907 2581 951 2617 seu
962 2564 1041 2618 casiae
1055 2563 1152 2618 librum
1159 2583 1238 2634 super

703 2664 796 2714 rugum
806 2646 882 2700 lauisse
888 2664 1004 2716 spernam
1011 2667 1039 2702 nc
1043 2659 1245 2715 concrematum

705 2730 736 2784 ed
753 2729 877 2784 foetorem
893 2731 942 2784 usti
954 2731 1066 2800 corporis
1079 2731 1166 2784 odoris
1179 2751 1239 2784 sua·

705 2815 785 2866 vitate
802 2813 990 2886 mitigandum,
1003 2815 1107 2884 adparet
1120 2834 1149 2868 er
1168 2816 1239 2868 Mur·

704 2896 759 2950 tial.
783 2900 834 2960 ΧΙ,
853 2906 894 2952 55.
914 2897 960 2952 tabi
974 2899 1060 2952 usiae
1080 2909 1106 2952 et
1121 2898 1237 2955 cinnami

704 2979 842 3048 separatim
865 2979 897 3032 ab
917 2982 1054 3050 unguentis
1081 2983 1111 3034 lit
1128 2979 1237 3035 mentio.

704 3065 773 3134 lpsos
786 3082 891 3135 quoque
903 3065 984 3118 casiae
999 3061 1115 3118 surculos
1133 3062 1238 3138 adusto)

704 3147 850 3200 suavissimi
877 3147 964 3200 odoris
987 3147 1078 3206 luisse.
1111 3157 1180 3217 petet
1205 3166 1239 3200 ex

705 3229 839 3282 Phoenicia
860 3227 938 3292 nido,
963 3247 993 3280 ex
1019 3227 1140 3286 crinibus
1163 3229 1240 3281 rebus

706 3311 773 3366 bene
802 3311 949 3376 olentibus,
977 3330 1056 3380 quum
1089 3331 1239 3366 cremaren-

703 3405 765 3460 tur,
777 3405 933 3450 constructe.
955 3395 1055 3464 Quibus
1068 3394 1146 3448 rebus
1158 3398 1196 3459 fit,
1211 3406 1239 3448 nt

709 3479 855 3532 militnm
882 3479 958 3549 plane
987 3478 1128 3532 absurdum
1154 3479 1240 3532 videa-

710 3573 752 3616 tur
768 3573 898 3629 statuere,
910 3566 1004 3618 casiam
1018 3563 1098 3616 cerasi
1117 3563 1183 3614 lilru
1196 3583 1240 3632 pu·

705 3646 784 3700 tuisse
798 3645 1241 3712 adulterari,etiamsihuiuslrandis

706 3733 772 3802 apud
788 3745 888 3786 veteres
899 3734 969 3786 nulla
981 3735 1078 3787 mentio
1092 3733 1239 3802 reperiatur.

700 3871 702 3876 A
741 3823 783 3870 3⁷.
798 3817 869 3870 Tune
889 3818 953 3870 ὂοιια
974 3820 1105 3870 incolumis
1123 3821 1240 3870 numus?

707 3902 794 3952 Verba
803 3911 865 3954 sunt
876 3900 991 3964 heredis,
1002 3920 1079 3970 quem
1091 3901 1240 3969 loquentem

707 3986 807 4038 inducit
827 3987 920 4038 Noster
935 3986 1044 4042 consiliu
1064 4005 1110 4039 suo
1130 3985 1237 4039 adcom-

703 4069 827 4133 modste,
842 4081 869 4124 ut
883 4081 968 4124 mores
982 4089 1076 4136 nempe
1091 4071 1241 4123 huiusmodi

705 4153 861 4218 hominnm,
887 4155 991 4207 alterius
1016 4154 1053 4206 rei
1085 4154 1239 4216 familiaris,

706 4257 786 4308 quam
811 4249 840 4290 ut
864 4255 936 4288 sunm
955 4255 998 4306 spe
1020 4238 1072 4290 iem
1099 4235 1240 4298 deaurant,

707 4324 831 4374 iacturam
851 4321 1019 4373 veliementer
1032 4320 1239 4387 indignantium,

708 4406 783 4474 quusi
796 4405 843 4458 sub
853 4406 940 4458 oculos
952 4403 1053 4458 lectoria
1067 4415 1150 4458 vocet.
1168 4409 1235 4456 ineo·
