3108 5494
357 450 419 530 aa

805 455 1030 545 rrvrnttrs

271 647 274 650 ⁵
355 663 498 736 luderent,
519 662 582 758 iupa.
598 679 655 721 aem
667 661 720 720 Dio
739 657 891 738 Οιιιγιιιι.
881 678 907 720 ιιι
921 662 1031 730 oratione
1042 657 1218 720 Alexandriae
1233 658 1319 721 tutu
1332 657 1389 742 aspi
1400 657 1492 743 egit

354 763 449 858 parer,
464 751 539 824 qaam
558 745 728 807 tolosanae
739 762 792 804 aare
803 747 1025 823 rependeretur
1037 745 1185 803 naturae.

355 1021 490 1174 Vltro
509 1096 745 1178 Sauromatas
765 1093 899 1206 fugere
919 1089 1007 1176 hinc
1025 1087 1120 1176 libet
1138 1106 1177 1176 et
1194 1089 1392 1203 glacialem

355 1220 570 1308 Oceanum,
588 1223 736 1323 quoties
755 1217 901 1324 aliquid
921 1219 969 1294 de
985 1217 1154 1296 moribus
1173 1217 1338 1312 audent,

303 1355 307 1368 ·
357 1337 431 1430 Qui
451 1339 583 1413 Curios
604 1337 782 1414 simulant
799 1358 837 1414 et
854 1335 1100 1414 Bacchanalia
1120 1340 1263 1416 vivunt.

356 1454 506 1530 Inducti
522 1457 707 1560 primum;
730 1483 958 1561 quamquam
976 1455 1092 1561 plena
1110 1457 1235 1530 omnia
1255 1481 1374 1560 gypso

356 1571 559 1678 Chrysippi
575 1575 765 1649 invenias:
792 1601 879 1648 nam
899 1573 1191 1678 perfectissimus
1210 1571 1347 1648 horum
1364 1585 1434 1663 est,
1472 1570 1491 1620 5
1538 1593 1541 1660 ξ

357 1688 396 1764 Si
413 1690 498 1793 quis
515 1688 756 1766 Aristotelem
774 1689 931 1765 similem
950 1688 1010 1768 rel
1030 1692 1203 1765 Pittacon
1223 1691 1328 1783 emit,

393 1903 417 1946 4.
431 1893 503 1947 decet
514 1909 559 1963 pro
572 1893 631 1947 letae
649 1899 690 1949 46.

392 1982 416 2030 2.
442 1976 567 2030 Heinrich
590 1977 783 2031 annotationem
805 1997 893 2032 meam

358 2058 386 2115 in
399 2057 440 2115 ed.
454 2061 520 2116 min.
540 2067 642 2134 politae,
656 2080 733 2134 quam
746 2076 893 2137 corruptam

358 2163 413 2199 esse
426 2147 500 2215 aequi
512 2145 620 2202 lectores
634 2158 660 2201 et
674 2151 761 2202 minus
771 2149 894 2205 malevoli

358 2229 572 2300 suspicabuntur,
593 2249 645 2284 non
670 2231 783 2285 incuriae
806 2251 893 2298 meae,

357 2311 456 2364 nedum
469 2313 622 2384 typographi
634 2356 641 2381 ,
652 2315 697 2368 sed
711 2335 828 2370 summae
844 2337 892 2388 po·

357 2397 411 2450 tius
425 2398 540 2458 inscitiae
554 2399 645 2452 tribuit
658 2411 684 2453 et
698 2403 724 2452 in
744 2400 824 2455 literis
840 2403 893 2455 mi·

358 2481 455 2548 seriae,
470 2481 579 2554 ideoque
593 2483 663 2538 dolet
679 2487 764 2538 sicem
776 2488 895 2541 iuventu-

357 2567 390 2618 tis
402 2564 578 2634 scholasticae,
596 2561 641 2622 lali
657 2571 782 2640 magistro
802 2569 830 2624 in
851 2573 891 2625 ‹li-

358 2649 495 2718 scipliuam
524 2651 641 2705 traditae.
666 2655 722 2724 Ego
749 2665 838 2708 eontra
864 2675 894 2708 ex

359 2731 448 2783 animo
462 2729 577 2802 gratulor
597 2744 655 2786 tum
677 2733 757 2788 literis
776 2736 809 2789 ele
824 2749 895 2791 tauto

360 2812 434 2880 viro,
461 2823 518 2866 tum
540 2816 654 2868 maxime
678 2817 895 2889 adolescentibus,

360 2915 471 2966 quorum
486 2909 511 2950 et
527 2899 662 2969 ingenium
673 2911 699 2953 et
716 2903 768 2955 vita
787 2906 813 2956 in
833 2923 891 2957 aca-

361 2977 455 3031 demiis
472 2979 544 3034 atali
565 2980 732 3037 immanitatis
750 2987 896 3041 Professore

357 3064 530 3133 formabitur,
543 3067 639 3137 quique
651 3088 705 3122 non
718 3080 819 3124 tantum
837 3083 892 3125 stu·

359 3159 450 3219 pentes
475 3149 585 3203 subinde
612 3149 713 3214 dicent:
737 3173 767 3206 en
784 3168 895 3208 camaram

361 3227 526 3298 Sapientem!
560 3232 605 3286 sed
634 3235 711 3305 primi
738 3257 842 3308 quoque
866 3259 895 3294 ac

359 3313 421 3368 laeti
439 3316 488 3370 hac
512 3317 629 3387 saeculo,
647 3341 702 3392 qno
722 3324 786 3376 vitia
809 3324 896 3395 vigere

361 3397 452 3452 dicunt
473 3410 514 3466 et,
538 3420 619 3470 aeque
638 3422 668 3456 ac
687 3403 733 3459 illo
752 3408 895 3474 Iuvenalis,

356 3481 445 3542 ,multa
460 3483 612 3536 demortua
624 3487 714 3540 caederet
721 3528 729 3554 ,
746 3491 797 3560 Qui
809 3491 896 3544 Cerrim

359 3569 479 3622 staulam
495 3583 518 3623 et
531 3570 703 3626 Bacchanalia
719 3580 806 3628 vinae
812 3615 823 3641 ,
844 3597 898 3630 suc·

362 3654 452 3706 cinent
478 3655 604 3708 Laroniae
632 3657 736 3710 cuidam
758 3660 898 3716 clamantia

361 3737 390 3791 Γ
387 3738 461 3790 ehem
472 3749 596 3810 tempora
612 3760 673 3813 quae
687 3743 727 3797 Te
735 3747 842 3798 nwrtbus
852 3767 897 3818 op·

357 3823 469 3892 poneret!
486 3821 537 3875 Τ
511 3836 586 3876 aitrus
601 3844 615 3877 e
627 3828 697 3879 coelo
708 3831 797 3882 cecidit
811 3830 892 3884 Cato!

361 3905 451 3974 Neque
466 3904 544 3959 etiam
557 3919 594 3962 est
600 3911 694 3988 ,quod
714 3931 793 3982 porro
814 3914 894 3982 mise·

360 3999 452 4040 reatur
472 3987 514 4044 vir
537 3948 620 4044 hantis
643 3981 829 4048 adolescentiae
850 4017 897 4051 no-

361 4080 445 4136 strae,
470 4073 544 4129 cuius
567 4075 756 4130 institutionem
780 4079 833 4132 iam
849 4081 898 4135 du·

362 4155 428 4208 dum
441 4153 497 4210 aliis
509 4160 638 4214 commisi.
650 4191 683 4204 -
697 4165 749 4232 Qui
771 4181 833 4218 vero
850 4185 896 4232 ea,

362 4255 426 4306 quae
439 4238 484 4292 ille
497 4239 559 4296 dicit
571 4241 604 4296 de
617 4247 753 4316 sagacitate
764 4259 790 4302 et
802 4249 896 4304 inven-

362 4322 396 4374 tu
407 4340 476 4387 sura
490 4343 605 4397 quarum
626 4329 753 4384 nonnulla
771 4330 895 4406 aliquam-

362 4405 409 4460 diu
421 4409 524 4476 reticet,
538 4423 567 4466 ut
580 4411 687 4468 salivam
699 4429 804 4472 moveat
817 4424 895 4477 lecto·

360 4491 449 4563 ribus,
462 4493 494 4552 de
512 4494 564 4554 leti
583 4496 708 4570 gloriolae
724 4501 897 4580 detrimento,

944 1894 1011 1964 quod
1033 1911 1115 1964 aequo
1140 1893 1228 1948 animo
1253 1891 1352 1948 laturus
1380 1903 1431 1960 est,
1463 1890 1488 1944 si

943 1977 1035 2048 aliquis
1050 1979 1096 2050 ipsi
1108 1987 1286 2050 praecepturus
1293 1979 1328 2032 sit
1339 1979 1487 2031 inventum
1540 2055 1541 2058 Ἴ

943 2074 1032 2134 suopte
1065 2063 1197 2130 acttmine,
1231 2064 1264 2117 de
1297 2061 1488 2133 interpretibus

944 2153 1033 2220 poetae
1046 2152 1167 2203 omnium
1189 2167 1275 2202 rerum
1294 2148 1382 2201 inseiis
1401 2157 1428 2199 et
1452 2146 1486 2198 in

944 2233 1037 2307 primis
1052 2235 1119 2288 Iuris
1131 2236 1238 2288 Romani
1246 2275 1255 2302 ,
1273 2235 1320 2304 qui
1340 2233 1420 2295 hacc,
1438 2230 1487 2284 iu·

945 2336 1039 2388 quarn,
1054 2315 1146 2390 legerit
1158 2330 1184 2372 et
1193 2315 1237 2371 'his
1250 2315 1360 2381 similia,
1380 2315 1487 2370 nesciet

944 2403 1075 2475 profecto,
1092 2414 1180 2458 utrum
1205 2403 1287 2476 magis
1308 2399 1487 2476 praedicanda

945 2490 978 2540 sit
991 2487 1116 2541 modestia
1139 2489 1195 2542 eius
1211 2499 1237 2542 et
1257 2485 1424 2550 humanitas,
1450 2502 1486 2536 an

945 2571 1067 2642 sapientia
1079 2567 1209 2644 nusquam
1223 2589 1312 2625 errans
1326 2581 1352 2624 et
1365 2587 1487 2623 camuro-

946 2655 978 2707 da
993 2653 1168 2724 aliquamdiu,
1183 2653 1252 2726 quod
1266 2657 1320 2726 ipse
1340 2656 1487 2725 profitetur,

945 2738 1115 2794 literatissimi
1129 2739 1251 2814 Collegae
1268 2752 1343 2810 atque
1357 2739 1409 2793 lCti
1430 2738 1486 2792 ad-

946 2823 1089 2877 monitione
1104 2823 1200 2880 adiuta.

981 2915 1005 2962 3.
1022 2911 1132 2962 similant
1143 2909 1308 2964 scribendum
1321 2909 1425 2964 videtur
1438 2927 1487 2980 pro

945 2993 1063 3046 statutam
1071 3033 1081 3058 ,
1099 3013 1147 3046 usu
1161 2994 1267 3064 quidem
1291 2995 1376 3050 invito
1395 3013 1424 3048 ac
1444 3011 1486 3045 re·

946 3077 1029 3148 lragg.
1057 3076 1185 3130 Diomede
1212 3079 1232 3130 l.
1259 3099 1285 3149 p.
1313 3084 1370 3132 362.
1398 3078 1486 3131 Grau.

946 3161 1111 3216 uitiasset.
1129 3181 1152 3216 c.
1172 3167 1197 3216 6.
1216 3173 1242 3215 et
1260 3161 1362 3216 Ernesti
1380 3162 1413 3215 ad
1430 3161 1487 3217 Cic.

946 3249 1049 3302 lavent.
1061 3254 1086 3313 t,
1099 3252 1140 3302 28.
1153 3251 1215 3301 Tae.
1225 3250 1317 3302 Germ.
1329 3248 1486 3319 9.etAgrie.

949 3337 988 3385 to.
1011 3329 1056 3384 aed
1081 3331 1239 3404 etymologia
1262 3351 1292 3386 ae
1317 3333 1342 3387 vi
1364 3332 1439 3386 verbi
1460 3327 1487 3386 id

947 3413 1093 3484 postulante
1106 3425 1132 3468 et
1148 3415 1295 3470 laventibus
1311 3414 1398 3479 libris,
1413 3435 1484 3468 non·

947 3515 1093 3568 numquam
1119 3499 1254 3565 omnibus,
1280 3520 1306 3554 v.
1332 3520 1355 3555 c.
1374 3500 1402 3554 in
1421 3503 1486 3554 Tac

947 3583 1039 3639 Germ.
1052 3603 1075 3638 c.
1088 3590 1111 3638 9.
1126 3583 1313 3640 Adsentiuntur
1335 3589 1428 3660 Heyne
1454 3585 1487 3640 ad

947 3667 1005 3723 Vir.
1022 3670 1088 3724 Aen.
1104 3675 1145 3725 42.
1159 3671 1488 3726 trahammolant.

947 3753 1106 3816 autam.
1128 3753 1243 3810 adstat.
1267 3753 1351 3810 Theb
1372 3762 1406 3822 4,
1422 3762 1486 3812 264.

945 3835 1082 3890 Scheller'
1074 3856 1103 3890 ιιι
1120 3840 1181 3891 Lex.
1199 3849 1233 3892 et'
1242 3837 1342 3895 alii.-
1360 3798 1421 3895 Pois
1440 3844 1482 3894 vi·

948 3933 1006 3974 aaut
1032 3921 1160 3976 maiorem
1186 3923 1259 3994 posui
1287 3922 1485 3980 distinctionem

947 4023 995 4074 pro
1008 4005 1113 4062 minari.

983 4094 1008 4144 ὅ.
1022 4093 1132 4144 ismenias
1143 4091 1240 4147 restitui
1253 4112 1301 4164 pro
1320 4097 1428 4148 ἰιινιιιιιι
1452 4113 1484 4147 er

949 4179 990 4229 40.
1010 4182 1049 4229 ll.
1069 4183 1190 4233 ld-ll.
1206 4183 1329 4234 49-25.
1356 4185 1495 4235 45-69..

948 4263 976 4312 74
988 4265 1066 4315 -tt
1082 4269 1111 4316 27
1120 4269 1201 4319 -80,
1210 4293 1243 4307 ·-
1254 4278 1291 4318 eet
1320 4265 1484 4320 desideratur

946 4341 975 4395 in
992 4349 1034 4399 25.
1048 4351 1090 4400 46.
1107 4354 1149 4402 47.
1176 4353 1218 4404 48.
1233 4355 1273 4403 ⁵0.
1299 4354 1423 4405 54-60.
1439 4355 1482 4406 62.

947 4431 1067 4484 64-67.
1081 4437 1205 4488 74-76.

981 4511 1480 4590 e.StqateArtaoeeten,etnttaawt
