3120 5494
322 434 506 495 moursvs
544 435 601 494 rr
635 433 859 496 scelerum
897 435 1071 495 cruror
1159 401 1250 497 335

134 633 237 716 verbis
250 629 466 705 continentum
486 652 580 714 peuce
601 639 719 694 tuntum
732 651 772 698 cx
785 631 891 716 sliquo
903 631 1102 717 grammatico
1121 655 1185 700 nou
1205 636 1260 698 ui-

133 729 195 791 ruis
213 736 334 790 vetusto
355 737 470 790 temere
489 727 640 810 decerpto,
653 727 751 790 videri
771 737 906 810 possunt.
925 729 986 791 Sed
1005 729 1107 792 nescio
1121 751 1183 813 quo
1196 733 1261 794 luto

77 843 84 855 ·
135 825 168 886 id
198 823 346 888 udcidisse
376 823 494 898 dicum,
529 833 560 885 ut
588 821 688 886 nullus
708 821 793 886 locus
819 822 996 886 difficultate
1015 824 1261 910 eliquu'iusignis

134 919 255 1002 aliquid
274 919 349 982 lucis
371 929 479 982 nectus
499 919 538 980 sit
558 939 595 980 ex
616 918 675 980 illis
695 918 833 993 scholiis,
860 941 931 980 num
953 919 1001 982 vel
1020 921 1147 982 omnino
1160 921 1258 996 silent,

134 1013 186 1076 vel
204 1034 239 1074 cs
260 1013 437 1096 explicent,
468 1013 499 1072 iu
520 1012 632 1098 quihus
651 1033 743 1074 nemo
763 1012 892 1078 heereut.
927 1011 1135 1075 Nihilominus
1155 1022 1259 1077 husen

135 1128 171 1172 cu
190 1107 306 1170 scholis
319 1109 483 1170 utilissima
502 1107 534 1170 iu
556 1108 692 1170 Persium
713 1107 824 1191 possim
845 1106 967 1170 etiams
987 1107 1168 1170 doctissimis
1185 1109 1259 1172 viris

134 1215 296 1266 vocantur.
314 1205 431 1266 Verum
451 1227 543 1288 quum
564 1205 596 1266 iu
618 1203 840 1286 antiquioribus
854 1203 1040 1267 editionibus
1054 1203 1167 1286 scholis
1180 1227 1258 1289 pro-

133 1297 275 1362 feruntur
294 1298 455 1383 pleniore,
477 1322 568 1384 quum
589 1317 644 1376 cu,
668 1321 745 1382 quse
760 1299 956 1362 Cussuhouus
969 1297 1098 1362 editioni
1116 1321 1188 1362 suue
1199 1303 1257 1364 ud-

134 1393 226 1469 iccit,
250 1395 457 1480 nonnullaque
477 1419 494 1456 u
515 1395 588 1460 viris
609 1396 708 1458 doctis
727 1395 839 1460 inedita
860 1395 1025 1483 laudentur
1044 1405 1075 1458 et
1090 1397 1122 1457 iu
1142 1395 1256 1459 biblio-

134 1492 233 1552 thecis
252 1491 352 1554 udhuc
370 1491 512 1568 latentis,
531 1501 592 1554 totu
619 1493 676 1553 istu
696 1492 736 1556 de
765 1489 889 1554 scholiis
919 1491 1083 1576 disputatio
1111 1489 1165 1571 el,
1200 1493 1254 1578 qui

135 1587 315 1650 melioribus
334 1587 490 1672 praesidiis
511 1586 676 1651 instructus
694 1597 761 1667 est,
790 1587 988 1672 relinquendo
1009 1586 1082 1649 mihi
1103 1585 1233 1652 videtur.
