3078 5494
543 431 694 490 aarum
727 429 803 490 xu.
1128 433 1221 527 ²¹7

107 631 198 706 Tuti
226 643 357 734 stagna
381 629 494 705 sinus.
537 628 715 705 Gaudent
740 627 793 704 ibi
818 633 957 708 vertice
983 655 1067 707 raso

105 743 274 822 Garrula
297 748 419 822 securi
445 773 602 820 narrare
629 745 800 852 pericula
826 763 975 821 nautae.

160 864 218 936 Ite
242 863 377 964 igitur,
403 863 534 965 pueri,
560 861 698 964 linguis
726 862 935 966 animisque
964 861 1152 952 faventes;

109 977 297 1080 Sertaque
323 975 493 1052 delubris
521 993 559 1052 et
585 977 686 1051 farra
713 979 894 1080 imponite
920 976 1074 1068 cultris,

107 1093 171 1166 Ao
193 1091 323 1168 molles
349 1111 481 1169 ornate
507 1093 611 1168 focos
639 1091 861 1195 glebamque
888 1096 1092 1170 virentem:
1195 1129 1228 1178 ⁸5

108 1207 190 1281 Iam
214 1235 373 1310 sequar,
397 1226 437 1282 et
463 1235 590 1300 sacro,
618 1208 723 1310 quod
749 1225 934 1314 praestat,
960 1211 1032 1283 rite
1051 1225 1230 1313 peraeto,

108 1323 204 1398 Inde
225 1323 377 1399 domum
396 1343 588 1428 repetam,
608 1324 765 1428 graciles
783 1326 850 1399 ubi
869 1349 984 1428 parva
1002 1349 1162 1402 coronas

109 1439 312 1542 Accipiunt
330 1437 456 1542 fragili
476 1439 674 1514 simulacra
693 1443 851 1515 nitentia
868 1465 967 1514 cera.

110 1555 182 1628 Hic
199 1571 369 1630 nostrum
386 1554 545 1660 placabo
563 1558 710 1648 Iovem,
729 1557 968 1657 Laribusque
987 1557 1154 1659 paternis

110 1672 241 1747 Thura
260 1669 379 1764 dabo,
406 1689 520 1774 atque
547 1699 676 1750 omnes
703 1671 822 1750 violae
848 1673 995 1748 iactabo
1013 1671 1168 1748 colores.
1196 1687 1257 1754 ω’

109 1790 256 1863 Cuncta
282 1791 427 1864 nitent:
452 1788 584 1892 longos
611 1788 730 1863 erexit
754 1791 866 1864 ianua
892 1817 1026 1882 ramos,

110 1905 162 1978 Et
188 1906 379 1978 matutinis
407 1921 587 2008 operatur
612 1903 707 1978 festa
735 1903 911 1979 lucernis.

162 2019 242 2092 Nec
258 2037 428 2122 suspecta
447 2021 515 2092 tibi
535 2022 609 2094 sint
626 2020 742 2109 haec,
763 2022 934 2096 Corvine.
961 2017 1153 2111 Catullus,

111 2134 189 2206 Pro
215 2137 320 2208 cuius
347 2134 472 2208 reditu
498 2151 554 2210 tot
580 2162 683 2239 pono
710 2135 864 2224 altaria,
890 2159 1026 2238 parvos

114 2249 209 2326 Tres
227 2247 342 2324 hahet
361 2247 530 2326 heredes.
562 2249 671 2328 Libet
690 2267 930 2354 exspectare,
951 2251 1034 2352 quis
1054 2276 1204 2352 aegram

146 2455 190 2503 444.
215 2449 287 2502 Turro
310 2463 441 2520 4443444444
466 2454 521 2503 atra
537 2449 645 2521 guidem
694 2450 814 2515 bremia,
839 2445 967 2503 matutino
984 2447 1027 2502 die
1053 2467 1074 2501 a.
1102 2457 1227 2520 tempore.

110 2531 309 2586 uttvattttto.
333 2539 427 2586 4442.
453 2539 642 2587 45-27.45-
694 2530 885 2583 llahrdtvertit:
898 2529 1229 2601 dteddaesetmaatoatea‘

112 2619 154 2668 ⁵0.
182 2621 290 2670 64-69.
312 2621 420 2669 74-74,
440 2625 480 2670 77.
494 2625 521 2668 et
534 2617 645 2670 XXXIII
688 2607 1146 2686 srisberlampealiebtAEgomalim:
1155 2613 1230 2684 serta

111 2699 189 2752 MSS.
215 2697 297 2754 Paria.¹
308 2699 380 2768 proh.
400 2697 463 2752 ten.
485 2702 556 2768 Quae
568 2700 646 2753 verba
698 2699 775 2751 ianua
788 2709 919 2767 44444444,
933 2713 1039 2767 operam
1052 2695 1111 2760 dat,
1125 2697 1230 2748 444444ιί4

112 2779 390 2852 vulgoaicetpliouut:
405 2792 480 2851 portu
493 2781 646 2852 tranquillat
695 2785 835 2844 munau,
863 2778 886 2831 h·
915 2795 938 2832 e.
959 2779 1029 2833 auat
1042 2781 1156 2848 occupati
1169 2786 1230 2830 aunt

111 2862 225 2918 habente
238 2864 348 2926 lluctut,
365 2872 515 2934 tempestate
533 2863 586 2916 iam
607 2882 646 2918 ae·
696 2867 723 2918 in
744 2864 856 2918 luceruia
879 2862 911 2916 ad
925 2862 1029 2916 hunam
1044 2860 1230 2932 anaprndend'ta

112 2946 191 3010 dau,
211 2959 281 3012 44444,
303 2945 348 2998 ubi
372 2947 400 3000 iu
416 2957 520 3015 portum
543 2963 645 3000 venere.
696 2957 723 3000 et
739 2949 870 3000 matutino
887 2947 940 2998 iam
953 2957 1070 3016 tempore
1083 2945 1229 2999 accenden-

112 3029 272 3100 Tutiaagm
290 3031 356 3092 444444
372 3039 396 3082 4.
410 3029 462 3082 duo
477 3028 551 3082 codd.
566 3029 645 3083 Paria.

110 3123 138 3166 et
148 3111 208 3166 edd.
220 3129 272 3164 rae.
286 3119 326 3165 at.
344 3111 394 3166 l’ro
407 3113 513 3166 deutris
521 3116 551 3166 C.
559 3111 644 3166 Valet.

110 3195 182 3262 conj.
206 3196 317 3266 poledris
342 3213 387 3248 aen
412 3197 548 3264 pulludrr'a,
571 3193 597 3247 h.
619 3215 644 3249 a.

109 3279 249 3352 pelvibus,
263 3279 396 3333 lebetibus.
410 3299 435 3333 r.
453 3283 520 3333 Fert.
540 3289 567 3333 et
579 3280 644 3332 Non.

110 3383 134 3418 c.
148 3371 171 3417 5.
185 3385 211 3418 n.
228 3371 269 3418 44.

146 3450 267 3520 44444444
286 3459 360 3500 restet
377 3451 402 3499 9.
426 3463 491 3499 am.
510 3446 646 3516 teoprob.

112 3534 147 3585 11.
160 3532 249 3585 Valeo.

145 3613 259 3668 844144
273 3617 319 3666 23.

146 3703 189 3752 94.
208 3697 302 3752 Gom
321 3702 411 3750 micent
427 3701 466 3750 40.
482 3695 513 3752 V
512 3707 572 3749 uota
580 3735 589 3758 ,
604 3697 644 3746 444-

111 3794 165 3834 teau
184 3783 416 3853 longos-operito
426 3782 458 3852 s.
477 3779 497 3833 l.
518 3779 585 3848 conj.
615 3781 647 3830 H.

112 3862 199 3920 Valet.

146 3954 190 4002 92.
208 3961 322 4018 operatu
338 3945 438 4000 restitui
450 3963 481 3998 ex
495 3951 535 3998 444.
549 3951 591 3999 44.
608 3949 648 3998 44.

114 4037 226 4088 45-27.
241 4035 350 4086 45-50.
365 4036 406 4083 54.
424 4035 465 4082 55.
481 4034 588 4082 57-69.
606 4035 647 4080 74.

696 3030 744 3086 dia.
758 3031 867 3104 Operart'
879 3041 918 3084 444
931 3030 966 3084 id.
978 3030 1021 3100 qd.
1039 3047 1144 3101 operam
1154 3029 1227 3093 dare,

696 3133 723 3168 v.
746 3133 768 3168 o.
783 3114 874 3182 444444,
886 3114 962 3167 textis
968 3151 978 3176 ,
998 3113 1082 3166 1444444
1101 3123 1149 3166 cat.
1163 3131 1230 3184 ope-

696 3209 781 3248 rantur
796 3206 818 3249 4.
832 3199 890 3250 448.
903 3196 976 3266 prob.
988 3195 1104 3262 Pithoeo,
1114 3194 1158 3264 qui
1173 3194 1231 3253 vel-

697 3279 752 3332 lem
766 3281 896 3334 adieciaaet
917 3280 1045 3334 rationem
1063 3279 1128 3335 eth.
1142 3277 1157 3333 Ι.
1172 3299 1232 3333 aen·

697 3365 815 3418 tentiam.
829 3363 917 3418 Schol.
936 3374 989 3416 vet.
1003 3365 1119 3435 exponit,
1131 3367 1227 3418 sacrifi·

699 3459 768 3503 caut.
781 3447 909 3517 Equidem
925 3448 1019 3500 eodem
1034 3465 1111 3501 aenan
1123 3448 1230 3518 accipiat

697 3531 904 3604 operturuuseeta
916 3529 1000 3600 (plur.
1008 3549 1054 3601 pro
1064 3530 1143 3602 sing.)
1153 3532 1233 3582 444444·-

697 3621 749 3684 m'a,
767 3616 791 3670 h.
816 3635 839 3670 e.
859 3615 924 3668 festo
946 3613 995 3668 boc
1016 3615 1057 3668 die
1077 3615 1130 3668 ianr
1154 3633 1232 3666 mana

697 3711 818 3770 parantur
829 3697 958 3752 lucernae.
976 3697 1131 3751 Praestiterit
1146 3707 1232 3749 44444444

698 3788 824 3850 operitur,
839 3780 864 3832 lt.
878 3799 901 3834 e.
915 3780 1021 3852 tegitur,
1030 3780 1153 3842 vestitur,
1171 3783 1229 3846 (ve-

698 3872 772 3914 nuste
790 3861 823 3914 de
836 3861 906 3930 copia
924 3861 1107 3922 lucernarum,
1127 3869 1230 3912 144144

698 3965 723 3998 r.
745 3949 804 3998 4440.
823 3945 948 4014 tegruno
959 3943 1029 4014 stria
1053 3946 1158 3996 orditer·
1180 3953 1234 3995 tota

698 4028 796 4082 44741444
812 4025 946 4093 Portt'uu)
962 4025 1031 4094 quod
1052 4043 1082 4076 ea
1104 4023 1233 4078 emendat.

113 4122 155 4172 72.
170 4125 212 4172 7³.
226 4123 268 4170 75.
282 4121 322 4169 76.
336 4121 378 4169 84.
396 4124 422 4168 et
442 4112 563 4166 omnibus
574 4113 649 4166 MSS.
699 4112 767 4180 Lips.
782 4109 861 4164 Elect.
873 4112 891 4163 Ι.
907 4117 932 4164 3.
942 4109 1083 4178 repositum
1097 4109 1125 4161 iu
1135 4113 1176 4162 70.
1192 4116 1236 4163 77.

112 4199 194 4253 Paria.
217 4197 248 4252 ld
270 4197 350 4270 vulgo
372 4199 410 4250 444
433 4195 645 4266 interpretantur:
701 4199 743 4248 82.
759 4193 847 4264 probb.
869 4194 946 4255 Prot,
960 4191 1077 4256 Lubino,
1094 4194 1194 4263 Grang.
1206 4201 1234 4244 et

109 4285 181 4356 sarta
195 4283 274 4336 ianua
287 4295 401 4353 operatu
412 4280 507 4352 patria,
524 4279 551 4334 b.
561 4297 583 4332 e.
593 4297 649 4330 rem
701 4276 827 4352 §choreb
849 4280 922 4329 itaet
936 4273 1031 4346 legitur
1047 4273 1074 4328 in
1092 4275 1148 4330 MS.
1160 4276 1235 4330 Seri·¹

113 4387 213 4440 44444444
231 4368 303 4434 lacit,
318 4365 359 4422 rel
372 4369 450 4420 ianua
466 4383 525 4420 mea
538 4376 652 4436 operatur
704 4382 757 4418 rer.

104 4454 193 4526 sesto,
206 4450 319 4510 celebrat
331 4451 515 4518 festivitatem,
527 4450 653 4504 4444444444ιὶ4
737 4453 779 4501 95.
792 4443 851 4501 tt'eu
862 4445 932 4515 conj.
943 4441 1079 4499 Schrader.
