3108 5494
286 334 346 430 66
718 363 944 429 rvvmvlus

278 568 429 646 Profuit
452 571 543 670 ergo
568 562 664 642 nilril
689 567 848 656 misero,
873 562 980 670 quod
1004 566 1176 642 cominus
1200 591 1309 648 ursos

276 687 435 790 Pigebat
459 681 661 773 Numidas,
685 681 831 756 Albana
857 681 983 758 nudus
1010 709 1126 761 arena
1348 721 1398 777 ηρ

277 803 460 890 Venator.
487 799 579 892 Quis
605 797 803 872 animiam
828 803 908 874 u'on
933 795 1121 901 intelligat
1146 815 1245 878 artes

276 917 486 995 Patricius?
513 915 598 1016 quis
623 917 791 1018 priscum
815 911 914 1004 illud
938 915 1097 990 miretur
1115 941 1295 1010 acumen,

276 1039 418 1126 Brute,
443 1033 581 1107 tuum?
633 1028 758 1105 Facile
784 1047 840 1104 est
865 1029 1024 1106 barbato
1051 1033 1248 1136 imponere
1275 1035 1370 1138 regi,

329 1153 408 1228 Nec
432 1145 567 1223 melior
592 1131 720 1236 iultu,
746 1147 914 1248 quamvis
941 1145 1139 1248 ignobilis,
1165 1148 1245 1223 ibat
1342 1192 1348 1198 ·
1395 1203 1398 1210 -

276 1265 470 1355 Rubrius,
496 1263 660 1338 offensae
686 1263 822 1339 veteris
847 1287 934 1336 reus
953 1277 1068 1364 atque
1093 1264 1299 1356 tacendae,
1350 1300 1399 1351 405

277 1382 329 1456 Et
354 1398 479 1455 tamen
505 1376 714 1482 improbior
740 1378 890 1452 satiram
916 1377 1104 1452 scribente
1124 1379 1295 1454 cinaedo.

277 1497 451 1572 Montani
479 1519 636 1599 quoque
661 1511 795 1570 venter
821 1492 927 1568 adest
953 1491 1154 1570 abdomine
1181 1494 1335 1587 tardus,
1373 1557 1376 1564 .

277 1613 330 1686 Et
354 1612 538 1686 matutino
565 1608 704 1684 sudans
729 1610 923 1714 Crispinus
949 1635 1120 1702 amomo,
1422 1624 1423 1628 ’

279 1729 471 1823 Quantum
496 1727 555 1804 vix
581 1723 759 1800 redolent
783 1725 861 1802 duo
887 1724 1046 1814 funera3
1075 1728 1222 1804 saevior
1246 1725 1314 1802 illo

279 1843 480 1947 Pompeius
506 1842 611 1915 tenui
638 1839 787 1943 iugulos
814 1845 963 1946 aperire
990 1867 1175 1932 susurro,
1352 1879 1402 1930 ..ο

280 1959 353 2050 Et,
380 1959 447 2062 qui
473 1955 687 2033 vulturibus
713 1957 886 2034 servabat
910 1960 1053 2033 viscera
1078 1960 1211 2050 Dacis,

282 2077 444 2164 Fuscus,
470 2095 681 2148 marmorea
707 2071 906 2150 meditatus
933 2071 1082 2178 proclia
1108 2071 1221 2166 villa,

281 2191 332 2264 Et
358 2215 444 2264 curn
472 2187 668 2266 mortifero
688 2187 857 2293 prudens
881 2192 1044 2264 Veiento
1070 2187 1245 2280 Catullo,

281 2306 358 2400 Qui
385 2329 593 2408 numquam
617 2306 717 2382 visae
742 2303 927 2406 flagrabat
953 2329 1080 2380 amore
1106 2301 1280 2410 puellae,
1351 2333 1400 2386 ait

281 2418 437 2494 Grande
456 2435 495 2493 et
514 2421 760 2522 conspicuum
780 2437 911 2495 nostro
932 2446 1087 2525 quoque
1106 2437 1275 2524 tempore
1295 2442 1402 2490 mon·

282 2536 424 2610 Caecus
437 2532 613 2610 adulator
625 2533 807 2638 dirusque
822 2563 843 2608 a
860 2553 977 2640 ponte
992 2533 1163 2625 satelles,
1246 2532 1397 2635 (struml
1490 2529 1497 2554 '

284 2651 428 2754 Dignus
453 2650 625 2726 Aricinos
644 2651 712 2756 qui
739 2650 973 2727 mendicaret
998 2649 1047 2726 ad
1075 2676 1160 2726 axes

283 2801 415 2866 Caesaris,
437 2801 483 2873 qui
498 2803 555 2858 odit
567 2800 667 2856 nobiles
675 2819 820 2872 sors-qne
869 2803 937 2860 lirin.
954 2823 980 2859 v.
995 2809 1053 2858 420.
1070 2801 1122 2857 Sed
1134 2800 1273 2856 durissima
1284 2809 1323 2853 est
1339 2815 1399 2852 ver-

283 2885 376 2954 opibus
387 2883 473 2938 inhiat.
488 2888 527 2938 lta
539 2893 566 2938 et
579 2883 766 2938 diminutivum
778 2895 819 2940 eat
870 2887 965 2941 mmm
982 2907 999 2940 a
1021 2885 1062 2941 vel
1084 2905 1098 2940 e
1113 2896 1191 2958 ponte
1204 2881 1340 2954 explicatio
1356 2885 1403 2950 (v.

283 2966 445 3038 aptissimum
453 3006 463 3032 ,
490 2967 612 3038 quonism
637 2967 670 3021 de
693 2973 818 3039 gignite,
871 2973 989 3040 Comen.)
1004 2981 1030 3024 et
1042 2971 1075 3024 de
1091 2973 1183 3026 infimo
1199 2965 1296 3022 Catulli
1308 2984 1403 3038 genere

284 3054 407 3118 Caesare,
426 3051 521 3123 agitur,
539 3061 565 3106 et
581 3049 707 3104 sententia
717 3051 820 3106 mtirico
872 3052 937 3106 nihil
950 3063 1060 3107 conant.
1083 3055 1176 3124 Aptior
1192 3050 1279 3123 prodit
1296 3060 1405 3107 senten-

283 3133 391 3206 ingenio
403 3145 572 3190 consentanea
581 3135 822 3208 eiqueconvcnien·
871 3138 922 3202 tia,
945 3137 966 3190 si
990 3136 1186 3190 emendaveris:
1212 3137 1350 3207 digniusque
1376 3139 1404 3186 in

284 3225 326 3270 ter
341 3235 467 3290 expressa.
868 3233 944 3294 potue
969 3221 1065 3274 satelles
1085 3229 1150 3286 cet,
1176 3219 1282 3292 dignm,
1306 3216 1350 3287 qui
1365 3215 1405 3270 ols

319 3304 378 3355 ttlt.
394 3301 458 3372 Quia
470 3306 537 3356 enim
550 3321 600 3356 non
612 3303 762 3375 intelligeret
778 3307 819 3356 tt.
870 3301 1018 3357 caecitatem
1032 3303 1059 3354 in
1068 3317 1142 3372 pona
1154 3303 1194 3371 (v.
1208 3301 1241 3355 ad
1251 3301 1319 3366 XIV,
1333 3300 1405 3366 434.)

320 3387 379 3438 402.
397 3388 498 3438 surenas
516 3387 679 3454 promirutvr
695 3385 819 3440 revocavi
870 3398 1003 3458 tamquam
1020 3389 1120 3441 satelles
1142 3405 1165 3440 s.
1190 3395 1276 3440 custos
1302 3382 1404 3454 pontia,

285 3485 318 3520 ex
332 3471 374 3522 25.
389 3473 431 3522 to.
442 3473 486 3523 48.
498 3475 540 3522 49.
554 3474 662 3524 54-56.
672 3475 713 3524 59.
725 3473 766 3524 60.
777 3476 821 3524 62.
869 3472 972 3540 dignus,
986 3468 1030 3539 qui
1045 3469 1075 3522 ad
1086 3467 1218 3522 Aricinum
1228 3465 1404 3520 clivnmmen·

285 3555 395 3604 64-74.
419 3550 545 3620 quoniam
569 3551 717 3621 exquisitius
738 3563 822 3608 estet
870 3556 973 3607 doure.
1001 3554 1144 3608 Enimvero
1157 3549 1325 3624 praeferenda
1338 3551 1406 3602 sorte

285 3631 438 3703 praecessit,
454 3633 589 3704 intelligat.
868 3637 1015 3692 coniectura
1044 3639 1076 3688 Η.
1105 3635 1202 3690 valesii
1233 3635 1348 3704 dinesqsoe
1373 3651 1405 3685 oe

322 3716 622 3772 ercammarus
640 3715 745 3774 adiere
754 3720 817 3775 suh-
870 3731 957 3791 sponte
970 3718 1086 3780 satelles,
1112 3715 1139 3770 la.
1154 3734 1177 3768 e.
1195 3713 1259 3767 meli
1281 3712 1405 3783 Principis

285 3799 432 3856 stituendus
452 3801 581 3856 inlocum
596 3803 682 3858 Rubrii
688 3843 698 3869 ,
720 3815 745 3858 et
757 3805 821 3859 haee
871 3801 956 3857 malus
977 3801 1105 3866 adulator,
1123 3799 1285 3854 consiliarius
1306 3807 1332 3853 et
1351 3798 1403 3850 mi·

286 3884 366 3938 verba
387 3905 418 3940 ea
435 3885 467 3940 iis
482 3885 649 3959 explicanda,
670 3905 737 3960 quae
753 3889 819 3942 Sue·
869 3887 961 3952 nister,
974 3905 1027 3939 non
1041 3883 1126 3954 aliqua
1136 3881 1284 3936 necesitate
1294 3893 1405 3947 coactus,

286 3975 341 4020 ton.
359 3970 458 4023 Domit.
479 3989 501 4023 c.
521 3970 587 4025 t.de
599 3969 691 4023 Clodio
703 3969 820 4025 Pollione
869 3970 914 4024 aed
931 3967 985 4022 sola
1005 3985 1098 4041 pravae
1114 3976 1220 4020 naturae
1242 3964 1403 4037 malignitate

286 4054 558 4122 etpot'matelleronis
568 4057 667 4110 decedi
678 4055 821 4110 memoriae
869 4053 1010 4125 impulsus:
1036 4065 1065 4106 ut
1090 4071 1131 4123 ap.
1152 4049 1218 4105 Plin.
1240 4053 1287 4120 Ep.
1305 4051 1355 4114 lll,
1376 4055 1404 4102 l.

286 4137 410 4206 prodidit.
423 4139 475 4193 Sed
489 4159 515 4194 v.
530 4141 633 4196 comm.
869 4138 987 4191 casaur
1004 4135 1082 4189 Silius
1092 4138 1195 4208 samam
1207 4153 1277 4186 mana
1289 4134 1331 4185 aad
1343 4129 1401 4186 Ne-

325 4224 382 4273 ⁴09.
396 4237 449 4274 noo
462 4239 509 4291 pro
519 4227 567 4275 aue
578 4229 611 4276 22
626 4243 640 4276 a
656 4242 692 4279 sn.
701 4241 751 4278 sec.
869 4239 945 4273 rone.-
959 4219 1100 4271 credelatur
1111 4229 1198 4288 apeme
1210 4234 1343 4268 aarum.

324 4309 383 4354 446.
396 4317 495 4373 sponte
513 4309 554 4370 (ut
566 4307 636 4370 XIV,
655 4311 712 4359 434.
728 4307 820 4376 alipara'e
903 4311 961 4357 447.
975 4303 1162 4356 Aricinos-ad
1172 4319 1240 4353 orces
1249 4299 1293 4368 (ad
1306 4295 1402 4352 collem

286 4385 322 4438 de
328 4387 418 4456 ponte)
432 4387 544 4443 malebat
556 4388 590 4443 ll.
603 4387 690 4444 Heius.
699 4389 819 4445 adOvid.
869 4407 889 4442 s.
903 4387 1004 4444 clivum
1017 4386 1163 4454 Aricinum,
1178 4385 1210 4439 de
1223 4403 1277 4456 quo
1288 4402 1313 4438 v.
1326 4385 1402 4438 Cena.
