3108 5494
519 391 522 398 ⁴
574 363 723 430 tertul
757 363 805 432 ll·

127 568 308 648 Libertas
327 581 366 644 et
383 563 489 644 crine
508 591 624 644 senex
640 551 863 675 phanaticu's
881 566 987 648 albo·

126 692 336 767 Sacrorum
356 691 531 781 antistes,
552 715 681 764 rarum
702 715 745 764 ao
764 687 1006 765 memorabile
1026 694 1152 796 magni

127 809 306 885 Gutturis
326 803 913 910 exemplumconducendusque
933 811 1120 911 magister.

125 925 234 1020 Quid
246 941 373 998 tamen
387 940 620 1028 exspectant,
633 923 801 1027 Phrygio
814 953 909 1030 quos
929 944 1077 1031 tempus
1093 929 1258 1004 oratiam

123 1043 239 1118 More
258 1065 531 1146 supervacuam
550 1038 681 1114 cultris
703 1041 930 1146 abrumpere
950 1047 1132 1120 carnem?
1208 1047 1257 1096 ⁴⁴⁶

180 1157 470 1262 Quadringenta
490 1155 596 1232 dedit
616 1160 809 1235 Gracchus
828 1163 998 1236 sestertia
1018 1161 1146 1254 dotem

124 1277 346 1366 Corniciui,
364 1277 440 1354 sive
458 1276 520 1350 hic
541 1293 647 1352 recto
664 1294 881 1356 cantaverat
900 1305 997 1352 aere.

123 1395 307 1498 signatae
326 1394 499 1472 tabidae:
520 1393 663 1471 dictum
681 1399 711 1472 F
713 1394 858 1472 eliciter
874 1399 883 1472 l
906 1400 1044 1502 Ingens

123 1515 257 1589 Coena
275 1510 403 1588 sedet:
422 1515 565 1615 gremio
586 1516 702 1590 iacuit
720 1541 818 1592 nora
837 1535 958 1622 nupta
978 1515 1114 1592 mariti.
1207 1518 1258 1570 ⁴²⁰

123 1633 158 1704 Ο
181 1655 382 1733 proceres,
400 1655 557 1707 censore
579 1659 676 1738 opus
696 1649 773 1726 est,
794 1660 842 1707 an
862 1633 1062 1738 haruspice
1082 1634 1221 1714 nobis?

8 1813 10 1820 ,
122 1745 285 1821 Scilicet
300 1747 478 1823 horreres
499 1751 718 1853 maioraque
737 1767 903 1826 monstra
924 1767 1102 1854 putares,

123 1864 169 1940 si
189 1863 329 1944 mulier
347 1865 508 1944 vitulum
528 1867 588 1945 vel
609 1871 640 1944 si
658 1869 727 1946 hos
747 1870 879 1946 ederet
897 1869 1064 1972 agnum?

125 2066 210 2121 modo
226 2066 306 2138 epith.
319 2073 396 2140 turpis
406 2087 466 2122 eum
480 2070 593 2137 libertas,
606 2089 670 2139 nou,
723 2071 835 2125 malebat
849 2072 976 2143 Phrygiis
985 2102 1016 2114 -
1025 2073 1123 2138 cultris,
1136 2071 1161 2124 h.
1176 2091 1200 2126 e,
1217 2083 1256 2126 te-

127 2149 256 2223 ntvulgo
270 2153 312 2218 fir,
326 2171 388 2206 eom
409 2151 514 2223 Cybeles
530 2153 659 2225 iungetur.
722 2159 813 2210 staeeis
838 2166 864 2209 et
890 2156 1005 2228 lapideis.
1035 2156 1086 2210 Sed
1116 2159 1259 2212 abscindere

163 2237 250 2308 fracta
282 2257 343 2292 voce
370 2240 454 2310 loqni;
482 2241 612 2294 Gesnerus
637 2239 671 2294 ad
725 2243 837 2312 glossam
852 2241 968 2305 redolet,
982 2251 1008 2294 et
1020 2244 1176 2314 abrumpere,
1187 2243 1261 2314 quod
1297 2266 1300 2272 ⁴

127 2321 237 2375 Lucien.
258 2321 290 2374 de
314 2320 397 2376 saltet.
417 2341 440 2378 e.
466 2331 508 2379 47.
525 2325 671 2379 “Verbum
722 2323 750 2376 in
764 2322 883 2393 plurimis
897 2322 969 2376 libris
984 2322 1093 2395 legitur,
1114 2325 1197 2394 aptius
1216 2324 1260 2378 vi·

131 2405 223 2474 atla,
238 2405 269 2458 ad
281 2425 375 2461 vocem
389 2408 509 2474 relatum,
524 2413 579 2463 vim
594 2429 672 2482 quan·
723 2407 778 2459 deri
795 2417 895 2478 potest,
909 2407 930 2459 si
948 2406 1071 2478 lapideis,
1084 2425 1139 2460 non
1152 2409 1259 2473 ferreis,

131 2490 198 2544 dem
212 2510 273 2544 sono
286 2492 397 2548 naturali
412 2505 438 2547 et
450 2495 507 2548 voci
524 2495 589 2549 adeo
609 2495 668 2556 illa·
722 2491 811 2547 cultris
823 2511 850 2546 se
864 2503 1041 2546 castraverunt
1056 2491 1137 2546 Galli.

128 2583 191 2628 tam
202 2586 279 2629 notet.
290 2577 408 2650 Δνακλᾷν
420 2578 511 2636 ἐαυτὸν
523 2591 671 2636 estsursum
758 2585 817 2632 447.
829 2579 1007 2652 Quadraginta
1019 2587 1059 2631 44.
1070 2584 1100 2629 44
1109 2607 1140 2620 -
1153 2586 1181 2633 47
1198 2597 1261 2634 ern.

130 2659 159 2714 vi
177 2661 288 2731 quadarn
305 2671 384 2735 agere
411 2677 560 2733 vocem,ut
577 2663 670 2734 altior,
722 2679 762 2732 pr·
788 2666 829 2713 ⁴9·
856 2665 982 2712 23-25-
1005 2665 1129 2714 45-49.
1156 2666 1195 2714 55·
1220 2667 1260 2714 57·

134 2761 212 2815 quem
226 2747 277 2800 sert
290 2759 399 2815 natura,
411 2767 462 2802 vox
480 2759 568 2817 exeat,
586 2770 667 2804 κατα·
725 2751 768 2800 58.
782 2749 825 2798 59.
839 2744 916 2798 Cous.
931 2743 963 2796 ud
977 2751 986 2795 4
992 2783 1001 2808 ,
1021 2747 1078 2797 ⁴⁰⁶·
1252 2805 1254 2810 .

134 2827 197 2898 riqis
223 2828 384 2882 contrarium
405 2840 458 2895 est,
487 2849 581 2902 nempe
603 2833 671 2886 infra
756 2833 816 2883 446.
828 2841 972 2881 cammaron
986 2835 1011 2882 2.
1026 2831 1201 2882 3.5.40.45.
1219 2833 1261 2882 46.

132 2911 242 2964 modom
268 2912 346 2966 illum
366 2923 393 2966 et
411 2933 505 2968 sonum
527 2916 671 2970 naturalem
724 2919 764 2968 47.
783 2917 959 2966 49-24.26.
974 2918 1017 2966 46.
1032 2917 1074 2965 48.
1087 2919 1129 2966 56.
1144 2917 1261 2968 64-63,

132 3015 219 3050 vocem
230 2997 390 3068 deprimere.
406 3001 522 3070 Vtraque
542 3001 607 3053 ratio
628 3001 667 3054 es·
722 3003 844 3052 65-77.
870 3003 910 3052 84.
935 3000 1132 3050 inhonaraverit
1159 3004 1198 3048 tl.
1221 3002 1261 3050 44.
1365 3037 1375 3062 ,

131 3079 183 3133 licit
203 3081 393 3153 κεκλασμένον,
413 3086 527 3157 fracmm
555 3085 670 3159 aliquid,
721 3086 844 3134 22-25,
857 3085 899 3135 27.
917 3087 958 3133 45.
972 3085 1070 3136 47.49.
1087 3084 1128 3134 56.
1150 3085 1192 3134 54.
1217 3086 1259 3134 55.

129 3165 248 3234 quianon
259 3163 669 3239 plenoguttureroxsunditur.„
722 3171 836 3222 57-60.
852 3169 894 3219 et.
917 3172 960 3218 65.
981 3174 1007 3216 et
1029 3163 1082 3216 duo
1105 3163 1178 3218 codd.
1199 3183 1260 3219 mss.

163 3255 225 3304 442.
241 3253 321 3306 Forte
334 3251 383 3324 leg.
397 3255 464 3306 crine
480 3274 501 3308 s.
513 3273 540 3326 p.
552 3255 622 3320 alto,
641 3264 670 3308 ut
720 3249 769 3302 viri
784 3249 852 3304 docti
864 3249 892 3301 in
906 3247 979 3303 illisc.
994 3247 1070 3302 Obss.
1085 3249 1140 3302 crit.
1151 3247 1211 3302 Vol.
1225 3251 1259 3306 V.

132 3332 297 3406 significetur
309 3338 399 3407 capitis
412 3337 520 3404 rotatio,
538 3339 566 3392 in
580 3339 670 3393 fanati-
721 3336 752 3388 T.
767 3335 799 3386 ll.
814 3354 838 3404 p.
851 3339 912 3386 274.

134 3419 170 3471 eis
189 3418 231 3471 his
242 3418 505 3493 saerissolcnnis5de
522 3423 670 3494 quauinf.
757 3420 815 3468 ⁴⁴9·
839 3414 934 3466 dictam
951 3423 986 3466 ⁶³²
1004 3417 1045 3466 ¹¹7·
1073 3417 1117 3466 43·
1145 3417 1186 3466 54·
1218 3417 1259 3467 55·

128 3501 159 3556 ed
177 3503 230 3570 Vl,
244 3511 304 3558 346.
714 3499 830 3570 feliciter
845 3511 881 3550 est
895 3504 935 3551 ⁵8.

166 3593 227 3642 443.
243 3601 267 3641 er
280 3608 327 3660 pro
338 3611 369 3644 aa
385 3599 425 3644 tt.
443 3595 485 3644 24.
500 3597 542 3650 45,
761 3587 820 3636 420.
835 3586 923 3654 ingens
943 3579 1044 3647 Coena,
1060 3581 1144 3634 sedete
1162 3586 1260 3653 gremio

162 3677 223 3726 445.
246 3687 386 3746 exspectent
406 3679 447 3728 26.
467 3677 611 3748 60.-qnis
629 3682 670 3734 45.

129 3753 199 3824 qrrod
214 3757 422 3828 praestiterit.-·
431 3762 477 3812 erit
492 3765 535 3814 25.

166 3845 229 3894 446.
255 3843 340 3894 aeltric
364 3843 492 3896 abscidere
509 3862 608 3896 carnem
632 3847 670 3896 44.

69 3937 77 3950 ‘
131 3929 172 3978 47.
200 3925 343 3978 abscindere
366 3933 405 3980 45.
425 3934 466 3980 46.
485 3933 606 3981 49-22.
628 3932 670 3981 24.

130 4012 177 4061 45.
190 4015 232 4064 46.
250 4014 293 4065 46.
310 4017 352 4065 49.
367 4017 483 4064 64-69,
505 4017 546 4064 74.
567 4015 608 4064 72.
628 4017 671 4065 73.

132 4093 201 4146 utin
211 4095 290 4150 simili
303 4095 359 4151 loco
372 4093 508 4149 Claudiani
520 4095 548 4148 in
563 4097 670 4165 Eutrop.

132 4188 156 4245 t,
169 4183 229 4235 279.
243 4185 302 4236 2844.
323 4179 447 4254 Cymbala
457 4182 531 4253 serre
548 4181 607 4234 licet
621 4199 669 4251 pe-

133 4277 230 4334 σιωφκ
243 4267 345 4319 illidere
352 4268 427 4338 pinu,
440 4267 557 4344 lngnirris
573 4279 596 4317 et
613 4265 670 4318 reli·

136 4369 205 4422 quon
236 4353 366 4424 Phrygiis
396 4353 540 4405 abscindere
568 4351 669 4417 cultris3

94 4483 98 4489 .
134 4443 235 4514 ptupter
258 4451 325 4514 quae
349 4431 429 4498 rerba
453 4430 577 4504 7444444444
600 4429 627 4500 h.
653 4430 670 4488 l.

721 3675 770 3718 cet.
782 3663 995 3735 distinguendum
1010 3662 1116 3734 putabat
1129 3663 1258 3720 Pithoeus.

722 3754 811 3820 ingens
826 3747 924 3802 Coena:
936 3749 980 3802 sed
997 3761 1020 3800 et
1039 3751 1136 3818 gremio
1153 3747 1259 3802 emend.

720 3835 787 3902 Lips.
811 3831 891 3903 Epist.
907 3836 1011 3901 Quaest.
1034 3837 1059 3898 4,
1084 3832 1128 3884 23.
1147 3833 1182 3886 At
1200 3831 1258 3884 vul-

721 3929 779 3990 gata
793 3929 818 3970 et
831 3917 962 3971 distinctio
974 3927 999 3971 et
1011 3913 1088 3971 lectio
1099 3917 1258 3990 exquisitior.

722 4004 853 4054 —marito
871 4007 913 4054 26.

758 4093 816 4141 424.
829 4091 955 4158 mouspiee
971 4091 1013 4139 24.
1035 4093 1146 4157 anapice
1160 4091 1201 4142 2³.
1217 4093 1258 4142 24.

722 4181 763 4228 64.
783 4178 826 4227 62.
840 4180 881 4228 63.
907 4171 957 4224 Sed
979 4173 1099 4244 haruspex
1116 4173 1144 4226 in
1161 4172 1257 4244 lapidd.

721 4259 829 4331 legitur,
853 4259 986 4328 dictosque
1010 4277 1063 4311 non
1081 4259 1114 4312 ah
1129 4281 1190 4326 ara,
1212 4259 1259 4313 sed

723 4343 834 4415 latruge
847 4345 901 4397 sire
916 4345 1036 4416 hamiga,
1049 4343 1133 4397 hostia
1145 4345 1173 4397 in
1186 4346 1258 4412 dvc,

722 4427 822 4497 stabulo
828 4469 838 4502 ,
849 4427 948 4496 includi
960 4427 1046 4510 solita,
1060 4439 1085 4486 et
1095 4431 1257 4512 impirienda,
