3056 5490
383 416 478 535 408
733 445 865 506 rrnsu
901 445 1053 505 sirmi
1090 439 1142 506 vr'.

378 651 470 724 Rem
489 628 655 750 duplica.
682 644 792 720 Feci:
812 641 1061 746 iam'triplex‚
1079 647 1150 718 iarn
1168 644 1255 719 mihi
1275 657 1413 749 quarto,

378 766 458 838 lam
475 763 598 838 decies
617 762 716 837 redit
734 764 774 834 in
794 787 935 865 rugam.
957 761 1153 865 depunge,
1171 762 1234 836 ubi
1250 765 1374 838 'sistam

377 880 573 970 Inventus,
592 877 830 981 Chrysippo,
850 879 905 950 tui
924 873 1052 953 finitor
1069 879 1201 953 acervi.
1426 911 1448 961 o

378 1035 444 1086 circa
461 1040 549 1096 eraut,
563 1028 660 1082 multos
672 1045 808 1082 serrorum
819 1046 911 1100 greges
964 1037 990 1081 et
1006 1028 1115 1082 firsiores
1131 1039 1202 1082 erent
1215 1037 1300 1083 restes
1312 1031 1448 1082 redieritn-

378 1115 515 1186 quotannis
545 1117 654 1166 Romam
684 1131 739 1166 esae
774 1111 912 1176 deductos,
964 1131 1025 1184 gam
1048 1112 1134 1182 itaque
1158 1129 1204 1182 pro
1224 1112 1384 1183 multiplicari.
1410 1113 1446 1164 De·

284 1197 287 1206 '
378 1209 476 1253 mnstst
497 1217 528 1250 ex
545 1197 636 1252 multis
660 1195 731 1252 locis.
756 1217 782 1250 v.
803 1197 913 1266 interpp.
961 1217 1060 1269 prmge,
1075 1199 1116 1250 uhi
1129 1201 1224 1262 manin,
1238 1199 1353 1250 constitue
1365 1199 1449 1252 finenet

379 1285 410 1336 ad
438 1285 590 1338 Personae.
617 1291 643 1335 et
666 1290 717 1343 63„
737 1279 839 1334 catasta
860 1289 914 1334 erat
964 1281 1089 1344 modum,
1106 1281 1343 1353 qimasquerlivitiss
1356 1280 1448 1334 alcuni·

377 1387 469 1441 pegma
501 1367 618 1440 ligneum
632 1407 642 1432 ,
678 1367 706 1419 in
731 1386 784 1438 quo
809 1364 915 1420 venales
964 1363 1027 1420 lem.

377 1456 447 1508 servi
458 1472 473 1506 a
485 1453 673 1523 mangonibus,
686 1471 768 1522 quum
780 1450 841 1505 illos
850 1471 913 1504 ven·
998 1451 1041 1502 80.
1058 1449 1176 1500 laventus
1182 1487 1192 1511 ‚
1211 1445 1354 1518 Chrysippo,
1370 1450 1399 1498 tui
1409 1448 1450 1518 sui·

367 1536 474 1590 'debent
490 1545 533 1588 aut
555 1535 667 1588 vendere
687 1535 824 1606 parabant,
852 1553 912 1588 eon·
964 1543 1004 1584 tor
1015 1532 1224 1584 ammineum
1235 1539 1271 1584 est
1282 1530 1340 1583 ratio
1350 1549 1450 1602 argutum·

376 1619 539 1684 locabantur,
556 1629 582 1671 et
594 1618 700 1689 quidem
714 1618 793 1684 nudi,
811 1636 844 1670 ne
859 1636 913 1671 em·
964 1615 1035 1668 tandi
1052 1633 1066 1666 a
1078 1613 1221 1686 Chrysippo
1243 1617 1340 1667 inventa
1352 1613 1378 1665 ab
1390 1632 1450 1665 eren·

375 1699 491 1770 ptoribus
502 1698 670 1770 diligentibus
681 1698 749 1751 fraus
757 1697 812 1750 fieri
822 1707 914 1768 posset.
963 1699 1006 1770 plo
1019 1704 1110 1752 acervi.
1128 1701 1290 1753 Acervumne
1302 1699 1385 1751 sariunt
1395 1716 1450 1769 praa

373 1785 500 1854 pluuisse.
511 1783 621 1834 Sensus:
632 1783 671 1836 Ne
684 1782 718 1835 sit
739 1783 796 1852 quis
815 1793 841 1836 te
857 1780 911 1833 cal·
964 1781 1031 1833 tria?
1048 1798 1121 1843 non,·
1135 1797 1170 1830 an
1183 1778 1307 1850 quatuor?
1322 1797 1368 1830 non
1384 1787 1449 1830 etret

374 1869 455 1928 ¹lidior
473 1871 662 1940 (praestantior)
682 1869 710 1920 in
726 1867 914 1920 commendan-
964 1861 1050 1916 locum
1069 1860 1147 1914 habet
1169 1863 1198 1913 in
1210 1860 1323 1914 omnibus
1331 1898 1340 1924 ‚
1351 1877 1403 1928 quae
1413 1877 1448 1910 non

376 1955 419 2006 ‚dis
437 1955 548 2024 emptori
575 1955 655 2005 servis
672 1951 820 2017 venalibus,
843 1951 913 2024 quod
963 1957 1063 2000 eertum
1088 1944 1200 1997 morium
1223 1941 1448 2014 signifimut,selre·

377 2035 458 2089 fiebat
469 2035 613 2106 plaudendo
625 2053 686 2099 eos,
698 2035 730 2088 ad
743 2034 913 2090 indicandum
951 2029 1058 2086 „tutone
1075 2039 1177 2082 tantum
1196 2025 1305 2080 multum
1327 2037 1365 2079 snt
1380 2043 1447 2096 parsu

379 2119 479 2172 bonum
494 2121 608 2190 eorporis
620 2116 746 2172 tatinum.
786 2163 787 2167 ,
962 2115 1069 2186 Proprie
1096 2117 1132 2167 sic
1157 2113 1295 2166 dicendum
1319 2111 1405 2164 susset:
1421 2111 1449 2162 'lu

963 2216 1016 2252 non
1030 2197 1112 2268 magis
1129 2197 1289 2262 terminum,
1299 2195 1341 2248 ubl
1354 2195 1376 2247 in
1391 2193 1449 2245 alcu·

320 2294 323 2302 ’
409 2287 453 2336 78.
470 2283 534 2335 lieri
551 2281 658 2352 displice
667 2282 696 2334 Si
713 2299 806 2351 nempe
820 2282 908 2336 erari·
961 2280 1092 2334 mulendis
1113 2279 1215 2334 divitiis
1233 2275 1450 2346 consisttm,poteis

375 2366 429 2420 tiae
445 2366 547 2420 heredis
564 2365 627 2421 velie
644 2367 705 2420 satis
725 2367 827 2429 facere.
846 2385 912 2437 auge
961 2366 1116 2418 constituere
1125 2361 1136 2427 ζ
1156 2381 1236 2433 quam
1249 2361 1364 2414 terminus
1372 2357 1449 2410 ullusiu

376 2467 433 2503 reni
458 2448 628 2517 familiarem,
652 2460 682 2503 ut
705 2449 911 2522 quibuscumque
961 2447 1099 2520 Chrysippi
1120 2449 1202 2500 sorite
1220 2463 1264 2498 seu
1282 2440 1449 2496 aoemultinus

378 2532 476 2586 artibus
489 2531 565 2603 dupla
578 2531 632 2585 liat.
960 2540 1045 2603 potest
1059 2532 1156 2584 vocari.
1174 2531 1280 2584 Sensus:
1291 2531 1355 2596 Quae
1365 2525 1449 2576 fierimu

411 2621 453 2671 79.
466 2618 533 2670 redit
548 2621 674 2686 irrrugam
686 2633 749 2686 pro:
767 2615 821 2668 iam
834 2614 911 2669 decu·
960 2624 1080 2689 possunt,
1102 2623 1131 2668 ut
1155 2619 1234 2678 fiant,
1253 2630 1302 2666 non
1318 2609 1397 2682 poteris
1409 2607 1447 2658 effi·

375 2697 419 2772 pla
433 2699 499 2751 facta
512 2708 550 2752 est
560 2716 600 2752 res
613 2697 754 2752 familiaris.
774 2697 911 2770 Eleganter
959 2717 1025 2753 cese,
1038 2700 1131 2752 Noster
1145 2715 1195 2769 per
1215 2697 1262 2751 hoc
1279 2692 1448 2749 exclamationem

376 2780 529 2838 translatum
542 2781 752 2836 hoeavestibus.
760 2785 818 2852 Quo
831 2781 910 2836 ditior
960 2781 1099 2853 expressit,
1123 2781 1198 2850 quasi
1221 2781 1271 2832 iant
1296 2779 1377 2830 aarum
1391 2779 1447 2834 tati.

377 2875 403 2921 et
419 2864 561 2939 elegantior
577 2865 666 2939 aliquis
678 2877 747 2932 erat,
760 2884 793 2922 eo
807 2865 911 2921 latiores
961 2864 1032 2939 quod
1043 2863 1099 2920 fieti
1116 2864 1228 2920 omnino
1243 2860 1335 2933 nequit.
