<?xml version="1.0" encoding="UTF-8"?>
<!DOCTYPE html PUBLIC "-//W3C//DTD XHTML 1.0 Transitional//EN"
    "http://www.w3.org/TR/xhtml1/DTD/xhtml1-transitional.dtd">
<html xmlns="http://www.w3.org/1999/xhtml" xml:lang="en" lang="en">
 <head>
  <title>
</title>
<meta http-equiv="Content-Type" content="text/html;charset=utf-8" />
  <meta name='ocr-system' content='tesseract 3.04.00' />
  <meta name='ocr-capabilities' content='ocr_page ocr_carea ocr_par ocr_line ocrx_word'/>
</head>
<body>
  <div class='ocr_page' id='page_1' title='image "./diuniiiuvenalis00persgoog_0181.png"; bbox 0 0 3108 5494; ppageno 0'>
   <div class='ocr_carea' id='block_1_1' title="bbox 566 391 796 460">
    <p class='ocr_par' dir='ltr' id='par_1_1' title="bbox 566 391 796 460">
     <span class='ocr_line' id='line_1_1' title="bbox 566 391 796 460; baseline 0 0"><span class='ocrx_word' id='word_1_1' title='bbox 566 391 717 460; x_wconf 70' lang='grc'><strong>04474444</strong></span> <span class='ocrx_word' id='word_1_2' title='bbox 750 395 796 460; x_wconf 87' lang='grc'><strong>47.</strong></span> 
     </span>
    </p>
   </div>
   <div class='ocr_carea' id='block_1_2' title="bbox 120 593 1199 942">
    <p class='ocr_par' dir='ltr' id='par_1_2' title="bbox 120 593 1199 942">
     <span class='ocr_line' id='line_1_2' title="bbox 122 593 1199 710; baseline 0.004 -32"><span class='ocrx_word' id='word_1_3' title='bbox 122 595 205 678; x_wconf 88' lang='lat' dir='ltr'><strong>Nec</strong></span> <span class='ocrx_word' id='word_1_4' title='bbox 228 593 387 706; x_wconf 79' lang='lat' dir='ltr'><strong>prodest</strong></span> <span class='ocrx_word' id='word_1_5' title='bbox 402 598 491 704; x_wconf 83' lang='lat' dir='ltr'><strong>agili</strong></span> <span class='ocrx_word' id='word_1_6' title='bbox 507 596 649 708; x_wconf 82' lang='lat' dir='ltr'><strong>palmas</strong></span> <span class='ocrx_word' id='word_1_7' title='bbox 665 603 851 707; x_wconf 84' lang='lat' dir='ltr'><strong>praebere</strong></span> <span class='ocrx_word' id='word_1_8' title='bbox 871 603 1058 710; x_wconf 88' lang='lat' dir='ltr'><strong>Luperco.</strong></span> <span class='ocrx_word' id='word_1_9' title='bbox 1164 699 1173 710; x_wconf 21' lang='grc' dir='ltr'>ἱ</span> <span class='ocrx_word' id='word_1_10' title='bbox 1194 683 1199 694; x_wconf 82' lang='grc'><em>,</em></span> 
     </span>
     <span class='ocr_line' id='line_1_3' title="bbox 174 718 1198 816; baseline 0.002 -22"><span class='ocrx_word' id='word_1_11' title='bbox 174 721 279 795; x_wconf 80' lang='lat' dir='ltr'><strong>Vicit</strong></span> <span class='ocrx_word' id='word_1_12' title='bbox 295 734 335 795; x_wconf 92' lang='lat' dir='ltr'><strong>et</strong></span> <span class='ocrx_word' id='word_1_13' title='bbox 353 718 427 794; x_wconf 89' lang='lat' dir='ltr'><strong>hoc</strong></span> <span class='ocrx_word' id='word_1_14' title='bbox 446 735 656 796; x_wconf 88' lang='lat' dir='ltr'><strong>monstrum</strong></span> <span class='ocrx_word' id='word_1_15' title='bbox 674 723 834 796; x_wconf 87' lang='lat' dir='ltr'><strong>tunicati</strong></span> <span class='ocrx_word' id='word_1_16' title='bbox 850 719 997 798; x_wconf 78' lang='lat' dir='ltr'><strong>fuscina</strong></span> <span class='ocrx_word' id='word_1_17' title='bbox 1016 719 1198 816; x_wconf 87' lang='lat' dir='ltr'>Gracchi,</span> 
     </span>
     <span class='ocr_line' id='line_1_4' title="bbox 120 836 1085 942; baseline 0.004 -28"><span class='ocrx_word' id='word_1_18' title='bbox 120 841 394 942; x_wconf 81' lang='lat' dir='ltr'><strong>Lustravilque</strong></span> <span class='ocrx_word' id='word_1_19' title='bbox 412 836 505 942; x_wconf 82' lang='lat' dir='ltr'><strong>fuga</strong></span> <span class='ocrx_word' id='word_1_20' title='bbox 524 837 685 914; x_wconf 86' lang='lat' dir='ltr'><strong>mediam</strong></span> <span class='ocrx_word' id='word_1_21' title='bbox 702 837 891 942; x_wconf 82' lang='lat' dir='ltr'>gladiator</span> <span class='ocrx_word' id='word_1_22' title='bbox 911 867 1085 932; x_wconf 81' lang='lat' dir='ltr'><strong>arenam,</strong></span> 
     </span>
    </p>
   </div>
   <div class='ocr_carea' id='block_1_3' title="bbox 120 955 923 1060">
    <p class='ocr_par' dir='ltr' id='par_1_3' title="bbox 120 955 923 1060">
     <span class='ocr_line' id='line_1_5' title="bbox 120 955 923 1060; baseline 0 -28"><span class='ocrx_word' id='word_1_23' title='bbox 120 959 176 1032; x_wconf 89' lang='lat' dir='ltr'><strong>Et</strong></span> <span class='ocrx_word' id='word_1_24' title='bbox 195 957 419 1060; x_wconf 79' lang='lat' dir='ltr'><strong>Capitolinis</strong></span> <span class='ocrx_word' id='word_1_25' title='bbox 439 957 658 1058; x_wconf 79' lang='lat' dir='ltr'><strong>generosior</strong></span> <span class='ocrx_word' id='word_1_26' title='bbox 675 972 714 1030; x_wconf 86' lang='lat' dir='ltr'><strong>et</strong></span> <span class='ocrx_word' id='word_1_27' title='bbox 732 955 923 1032; x_wconf 87' lang='lat' dir='ltr'><strong>Marcellis</strong></span> 
     </span>
    </p>
   </div>
   <div class='ocr_carea' id='block_1_4' title="bbox 119 1071 1193 1528">
    <p class='ocr_par' dir='ltr' id='par_1_4' title="bbox 119 1071 1193 1400">
     <span class='ocr_line' id='line_1_6' title="bbox 127 1071 1055 1176; baseline 0.001 -29"><span class='ocrx_word' id='word_1_28' title='bbox 127 1075 184 1147; x_wconf 91' lang='lat' dir='ltr'><strong>Et</strong></span> <span class='ocrx_word' id='word_1_29' title='bbox 203 1073 346 1151; x_wconf 83' lang='lat' dir='ltr'><strong>Catulis</strong></span> <span class='ocrx_word' id='word_1_30' title='bbox 371 1071 573 1176; x_wconf 88' lang='lat' dir='ltr'><strong>Paullique</strong></span> <span class='ocrx_word' id='word_1_31' title='bbox 591 1072 799 1149; x_wconf 88' lang='lat' dir='ltr'><strong>minoribus</strong></span> <span class='ocrx_word' id='word_1_32' title='bbox 820 1091 858 1150; x_wconf 88' lang='lat' dir='ltr'><strong>et</strong></span> <span class='ocrx_word' id='word_1_33' title='bbox 875 1073 998 1150; x_wconf 82' lang='lat' dir='ltr'><strong>Fabiis</strong></span> <span class='ocrx_word' id='word_1_34' title='bbox 1016 1091 1055 1148; x_wconf 87' lang='lat' dir='ltr'><strong>et</strong></span> 
     </span>
     <span class='ocr_line' id='line_1_7' title="bbox 122 1189 1193 1299; baseline 0.006 -36"><span class='ocrx_word' id='word_1_35' title='bbox 122 1191 313 1268; x_wconf 86' lang='lat' dir='ltr'><strong>Omnibus</strong></span> <span class='ocrx_word' id='word_1_36' title='bbox 334 1191 383 1267; x_wconf 89' lang='lat' dir='ltr'><strong>ad</strong></span> <span class='ocrx_word' id='word_1_37' title='bbox 404 1189 560 1299; x_wconf 87' lang='lat' dir='ltr'><strong>podium</strong></span> <span class='ocrx_word' id='word_1_38' title='bbox 581 1192 850 1298; x_wconf 81' lang='lat' dir='ltr'><strong>spectantibus.</strong></span> <span class='ocrx_word' id='word_1_39' title='bbox 877 1195 943 1267; x_wconf 88' lang='lat' dir='ltr'><strong>llis</strong></span> <span class='ocrx_word' id='word_1_40' title='bbox 961 1191 1051 1266; x_wconf 88' lang='lat' dir='ltr'><strong>licet</strong></span> <span class='ocrx_word' id='word_1_41' title='bbox 1069 1195 1193 1298; x_wconf 89' lang='lat' dir='ltr'><strong>ipsum</strong></span> 
     </span>
     <span class='ocr_line' id='line_1_8' title="bbox 119 1305 1021 1400; baseline 0.001 -19"><span class='ocrx_word' id='word_1_42' title='bbox 119 1305 357 1400; x_wconf 80' lang='lat' dir='ltr'><strong>Admovees,</strong></span> <span class='ocrx_word' id='word_1_43' title='bbox 376 1311 484 1384; x_wconf 91' lang='lat' dir='ltr'><strong>ouius</strong></span> <span class='ocrx_word' id='word_1_44' title='bbox 510 1325 604 1383; x_wconf 88' lang='lat' dir='ltr'><strong>tunc</strong></span> <span class='ocrx_word' id='word_1_45' title='bbox 620 1335 778 1383; x_wconf 88' lang='lat' dir='ltr'><strong>munere</strong></span> <span class='ocrx_word' id='word_1_46' title='bbox 798 1310 893 1384; x_wconf 87' lang='lat' dir='ltr'><strong>retia</strong></span> <span class='ocrx_word' id='word_1_47' title='bbox 911 1311 1021 1384; x_wconf 85' lang='lat' dir='ltr'><strong>misit.</strong></span> 
     </span>
    </p>

    <p class='ocr_par' dir='ltr' id='par_1_5' title="bbox 177 1424 1046 1528">
     <span class='ocr_line' id='line_1_9' title="bbox 177 1424 1046 1528; baseline 0 -30"><span class='ocrx_word' id='word_1_48' title='bbox 177 1427 268 1500; x_wconf 87' lang='lat' dir='ltr'><strong>Esse</strong></span> <span class='ocrx_word' id='word_1_49' title='bbox 289 1424 435 1527; x_wconf 89' lang='lat' dir='ltr'><strong>aliquid</strong></span> <span class='ocrx_word' id='word_1_50' title='bbox 454 1429 583 1500; x_wconf 90' lang='lat' dir='ltr'><strong>Manes</strong></span> <span class='ocrx_word' id='word_1_51' title='bbox 601 1442 639 1500; x_wconf 91' lang='lat' dir='ltr'><strong>et</strong></span> <span class='ocrx_word' id='word_1_52' title='bbox 658 1425 906 1500; x_wconf 86' lang='lat' dir='ltr'><strong>subterranea</strong></span> <span class='ocrx_word' id='word_1_53' title='bbox 926 1451 1046 1528; x_wconf 84' lang='lat' dir='ltr'><strong>regna</strong></span> 
     </span>
    </p>
   </div>
   <div class='ocr_carea' id='block_1_5' title="bbox 119 1543 1069 1646">
    <p class='ocr_par' dir='ltr' id='par_1_6' title="bbox 119 1543 1069 1646">
     <span class='ocr_line' id='line_1_10' title="bbox 119 1543 1069 1646; baseline -0.003 -28"><span class='ocrx_word' id='word_1_54' title='bbox 119 1544 177 1618; x_wconf 92' lang='lat' dir='ltr'><strong>Et</strong></span> <span class='ocrx_word' id='word_1_55' title='bbox 195 1552 410 1644; x_wconf 78' lang='lat' dir='ltr'><strong>contumel</strong></span> <span class='ocrx_word' id='word_1_56' title='bbox 435 1543 566 1646; x_wconf 80' lang='lat' dir='ltr'><strong>Stygio</strong></span> <span class='ocrx_word' id='word_1_57' title='bbox 586 1569 696 1618; x_wconf 87' lang='lat' dir='ltr'><strong>ranas</strong></span> <span class='ocrx_word' id='word_1_58' title='bbox 713 1544 754 1616; x_wconf 91' lang='lat' dir='ltr'><strong>in</strong></span> <span class='ocrx_word' id='word_1_59' title='bbox 773 1544 923 1645; x_wconf 80' lang='lat' dir='ltr'><strong>gurgite</strong></span> <span class='ocrx_word' id='word_1_60' title='bbox 943 1545 1069 1646; x_wconf 77' lang='lat' dir='ltr'><strong>nigras</strong></span> 
     </span>
    </p>
   </div>
   <div class='ocr_carea' id='block_1_6' title="bbox 1209 1541 1257 1592">
    <p class='ocr_par' dir='ltr' id='par_1_7' title="bbox 1209 1541 1257 1592">
     <span class='ocr_line' id='line_1_11' title="bbox 1209 1541 1257 1592; baseline 0.021 -1"><span class='ocrx_word' id='word_1_61' title='bbox 1209 1541 1257 1592; x_wconf 99' lang='grc'><strong>450</strong></span> 
     </span>
    </p>
   </div>
   <div class='ocr_carea' id='block_1_7' title="bbox 5 1657 1260 2231">
    <p class='ocr_par' dir='ltr' id='par_1_8' title="bbox 120 1657 1085 1764">
     <span class='ocr_line' id='line_1_12' title="bbox 120 1657 1085 1764; baseline -0.001 -31"><span class='ocrx_word' id='word_1_62' title='bbox 120 1658 254 1762; x_wconf 85' lang='lat' dir='ltr'><strong>Atque</strong></span> <span class='ocrx_word' id='word_1_63' title='bbox 274 1683 352 1734; x_wconf 90' lang='lat' dir='ltr'><strong>una</strong></span> <span class='ocrx_word' id='word_1_64' title='bbox 372 1661 531 1734; x_wconf 88' lang='lat' dir='ltr'><strong>transire</strong></span> <span class='ocrx_word' id='word_1_65' title='bbox 551 1657 688 1736; x_wconf 87' lang='lat' dir='ltr'><strong>vadum</strong></span> <span class='ocrx_word' id='word_1_66' title='bbox 713 1674 771 1733; x_wconf 91' lang='lat' dir='ltr'><strong>tot</strong></span> <span class='ocrx_word' id='word_1_67' title='bbox 790 1657 908 1734; x_wconf 87' lang='lat' dir='ltr'><strong>millia</strong></span> <span class='ocrx_word' id='word_1_68' title='bbox 927 1657 1085 1764; x_wconf 81' lang='lat' dir='ltr'><strong>cymba,</strong></span> 
     </span>
    </p>

    <p class='ocr_par' dir='ltr' id='par_1_9' title="bbox 5 1773 1260 2231">
     <span class='ocr_line' id='line_1_13' title="bbox 121 1773 1231 1880; baseline -0.002 -28"><span class='ocrx_word' id='word_1_69' title='bbox 121 1777 209 1852; x_wconf 86' lang='lat' dir='ltr'><strong>Nec</strong></span> <span class='ocrx_word' id='word_1_70' title='bbox 227 1779 340 1880; x_wconf 89' lang='lat' dir='ltr'><strong>pueri</strong></span> <span class='ocrx_word' id='word_1_71' title='bbox 361 1774 544 1869; x_wconf 84' lang='lat' dir='ltr'><strong>credunt,</strong></span> <span class='ocrx_word' id='word_1_72' title='bbox 561 1777 633 1851; x_wconf 90' lang='lat' dir='ltr'><strong>nisi</strong></span> <span class='ocrx_word' id='word_1_73' title='bbox 654 1777 720 1876; x_wconf 90' lang='lat' dir='ltr'><strong>qui</strong></span> <span class='ocrx_word' id='word_1_74' title='bbox 740 1775 914 1852; x_wconf 86' lang='lat' dir='ltr'><strong>nondum</strong></span> <span class='ocrx_word' id='word_1_75' title='bbox 933 1801 1021 1850; x_wconf 87' lang='lat' dir='ltr'><strong>acre</strong></span> <span class='ocrx_word' id='word_1_76' title='bbox 1040 1773 1231 1850; x_wconf 84' lang='lat' dir='ltr'><strong>lavantur.</strong></span> 
     </span>
     <span class='ocr_line' id='line_1_14' title="bbox 5 1881 1102 1997; baseline 0.002 -29"><span class='ocrx_word' id='word_1_77' title='bbox 5 1881 6 1886; x_wconf 26' lang='lat'>¹</span> <span class='ocrx_word' id='word_1_78' title='bbox 123 1889 207 1968; x_wconf 83' lang='lat' dir='ltr'><strong>Sed</strong></span> <span class='ocrx_word' id='word_1_79' title='bbox 226 1885 271 1967; x_wconf 88' lang='lat' dir='ltr'><strong>tu</strong></span> <span class='ocrx_word' id='word_1_80' title='bbox 286 1919 375 1970; x_wconf 87' lang='lat' dir='ltr'><strong>vera</strong></span> <span class='ocrx_word' id='word_1_81' title='bbox 401 1909 504 1997; x_wconf 85' lang='lat' dir='ltr'><strong>puta.</strong></span> <span class='ocrx_word' id='word_1_82' title='bbox 531 1893 667 1968; x_wconf 86' lang='lat' dir='ltr'><strong>Curius</strong></span> <span class='ocrx_word' id='word_1_83' title='bbox 687 1891 783 1996; x_wconf 87' lang='lat' dir='ltr'><strong>quid</strong></span> <span class='ocrx_word' id='word_1_84' title='bbox 800 1895 915 1968; x_wconf 90' lang='lat' dir='ltr'><strong>sentit</strong></span> <span class='ocrx_word' id='word_1_85' title='bbox 935 1909 973 1967; x_wconf 92' lang='lat' dir='ltr'><strong>et</strong></span> <span class='ocrx_word' id='word_1_86' title='bbox 992 1891 1102 1970; x_wconf 87' lang='lat' dir='ltr'><strong>ambo</strong></span> 
     </span>
     <span class='ocr_line' id='line_1_15' title="bbox 126 2007 1093 2117; baseline -0.004 -27"><span class='ocrx_word' id='word_1_87' title='bbox 126 2007 357 2117; x_wconf 85' lang='lat' dir='ltr'><strong>Scipiadae,</strong></span> <span class='ocrx_word' id='word_1_88' title='bbox 379 2009 469 2116; x_wconf 90' lang='lat' dir='ltr'><strong>quid</strong></span> <span class='ocrx_word' id='word_1_89' title='bbox 487 2008 681 2088; x_wconf 86' lang='lat' dir='ltr'><strong>Fabricius</strong></span> <span class='ocrx_word' id='word_1_90' title='bbox 699 2037 905 2115; x_wconf 89' lang='lat' dir='ltr'><strong>manesque</strong></span> <span class='ocrx_word' id='word_1_91' title='bbox 924 2009 1093 2104; x_wconf 90' lang='lat' dir='ltr'><strong>Camilli,</strong></span> 
     </span>
     <span class='ocr_line' id='line_1_16' title="bbox 127 2121 1260 2231; baseline -0.002 -28"><span class='ocrx_word' id='word_1_92' title='bbox 127 2125 552 2231; x_wconf 78' lang='lat' dir='ltr'><strong>QuidCremeraclegio</strong></span> <span class='ocrx_word' id='word_1_93' title='bbox 562 2129 745 2206; x_wconf 85' lang='lat' dir='ltr'><strong>etGannis</strong></span> <span class='ocrx_word' id='word_1_94' title='bbox 755 2143 950 2205; x_wconf 86' lang='lat' dir='ltr'><strong>consumta</strong></span> <span class='ocrx_word' id='word_1_95' title='bbox 963 2130 1139 2206; x_wconf 85' lang='lat' dir='ltr'><strong>iuventus</strong></span> <span class='ocrx_word' id='word_1_96' title='bbox 1212 2121 1260 2175; x_wconf 72' lang='lat'><strong>⁴⁵5</strong></span> 
     </span>
    </p>
   </div>
   <div class='ocr_carea' id='block_1_8' title="bbox 132 2331 687 4520">
    <p class='ocr_par' dir='ltr' id='par_1_10' title="bbox 132 2331 681 3403">
     <span class='ocr_line' id='line_1_17' title="bbox 133 2331 674 2402; baseline 0.004 -18"><span class='ocrx_word' id='word_1_97' title='bbox 133 2331 213 2402; x_wconf 53' lang='lat' dir='ltr'><strong>lyae</strong></span> <span class='ocrx_word' id='word_1_98' title='bbox 232 2335 257 2384; x_wconf 82' lang='lat'><strong>2.</strong></span> <span class='ocrx_word' id='word_1_99' title='bbox 276 2335 301 2386; x_wconf 85' lang='lat'><strong>4.</strong></span> <span class='ocrx_word' id='word_1_100' title='bbox 315 2337 358 2385; x_wconf 82' lang='lat' dir='ltr'><strong>ss.</strong></span> <span class='ocrx_word' id='word_1_101' title='bbox 373 2337 415 2386; x_wconf 79' lang='lat' dir='ltr'><strong>ct.</strong></span> <span class='ocrx_word' id='word_1_102' title='bbox 427 2335 471 2386; x_wconf 78' lang='lat' dir='ltr'><strong>ss.</strong></span> <span class='ocrx_word' id='word_1_103' title='bbox 484 2333 528 2386; x_wconf 88' lang='grc' dir='ltr'><strong>7ο.</strong></span> <span class='ocrx_word' id='word_1_104' title='bbox 545 2339 588 2387; x_wconf 90' lang='grc'><strong>74.</strong></span> <span class='ocrx_word' id='word_1_105' title='bbox 607 2337 674 2386; x_wconf 78' lang='grc'><strong>73-</strong></span> 
     </span>
     <span class='ocr_line' id='line_1_18' title="bbox 134 2413 672 2487; baseline -0.004 -17"><span class='ocrx_word' id='word_1_106' title='bbox 134 2423 182 2470; x_wconf 88' lang='grc'><strong>77.</strong></span> <span class='ocrx_word' id='word_1_107' title='bbox 195 2423 235 2470; x_wconf 80' lang='lat' dir='ltr'><strong>st.</strong></span> <span class='ocrx_word' id='word_1_108' title='bbox 249 2419 291 2470; x_wconf 77' lang='lat'><strong>⁸2.</strong></span> <span class='ocrx_word' id='word_1_109' title='bbox 310 2417 384 2487; x_wconf 86' lang='lat' dir='ltr'><strong>prob.</strong></span> <span class='ocrx_word' id='word_1_110' title='bbox 399 2416 514 2469; x_wconf 82' lang='lat' dir='ltr'><strong>anneb.</strong></span> <span class='ocrx_word' id='word_1_111' title='bbox 532 2415 551 2470; x_wconf 94' lang='lat' dir='ltr'><strong>l.</strong></span> <span class='ocrx_word' id='word_1_112' title='bbox 572 2413 591 2468; x_wconf 94' lang='lat' dir='ltr'><strong>l.</strong></span> <span class='ocrx_word' id='word_1_113' title='bbox 611 2435 672 2470; x_wconf 84' lang='lat' dir='ltr'><strong>eort-</strong></span> 
     </span>
     <span class='ocr_line' id='line_1_19' title="bbox 140 2503 674 2578; baseline -0.004 -22"><span class='ocrx_word' id='word_1_114' title='bbox 140 2505 198 2556; x_wconf 78' lang='lat' dir='ltr'><strong>dita</strong></span> <span class='ocrx_word' id='word_1_115' title='bbox 215 2505 345 2578; x_wconf 62' lang='lat' dir='ltr'><strong>impp-ride</strong></span> <span class='ocrx_word' id='word_1_116' title='bbox 359 2503 435 2576; x_wconf 80' lang='lat' dir='ltr'><strong>Lyde</strong></span> <span class='ocrx_word' id='word_1_117' title='bbox 453 2505 493 2556; x_wconf 91' lang='grc'><strong>40.</strong></span> <span class='ocrx_word' id='word_1_118' title='bbox 512 2506 593 2555; x_wconf 68' lang='grc'><strong>4424</strong></span> <span class='ocrx_word' id='word_1_119' title='bbox 610 2521 674 2555; x_wconf 78' lang='lat' dir='ltr'><strong>nm.</strong></span> 
     </span>
     <span class='ocr_line' id='line_1_20' title="bbox 141 2586 676 2643; baseline -0.002 -4"><span class='ocrx_word' id='word_1_120' title='bbox 141 2603 193 2640; x_wconf 78' lang='lat' dir='ltr'><strong>see.</strong></span> <span class='ocrx_word' id='word_1_121' title='bbox 212 2591 316 2640; x_wconf 80' lang='lat'>22-24.</span> <span class='ocrx_word' id='word_1_122' title='bbox 331 2591 374 2642; x_wconf 76' lang='grc'><strong>40.</strong></span> <span class='ocrx_word' id='word_1_123' title='bbox 388 2593 430 2643; x_wconf 89' lang='grc'><strong>60.</strong></span> <span class='ocrx_word' id='word_1_124' title='bbox 444 2593 486 2642; x_wconf 87' lang='grc'><strong>65.</strong></span> <span class='ocrx_word' id='word_1_125' title='bbox 499 2595 525 2640; x_wconf 87' lang='grc'><strong>44</strong></span> <span class='ocrx_word' id='word_1_126' title='bbox 545 2586 604 2640; x_wconf 82' lang='lat' dir='ltr'><strong>cod.</strong></span> <span class='ocrx_word' id='word_1_127' title='bbox 625 2586 676 2642; x_wconf 85' lang='lat' dir='ltr'><strong>viri</strong></span> 
     </span>
     <span class='ocr_line' id='line_1_21' title="bbox 137 2668 675 2726; baseline 0.002 -5"><span class='ocrx_word' id='word_1_128' title='bbox 137 2668 207 2722; x_wconf 86' lang='lat' dir='ltr'><strong>docti</strong></span> <span class='ocrx_word' id='word_1_129' title='bbox 224 2669 252 2721; x_wconf 88' lang='lat' dir='ltr'><strong>iu</strong></span> <span class='ocrx_word' id='word_1_130' title='bbox 263 2669 338 2726; x_wconf 84' lang='grc'><strong>44444.</strong></span> <span class='ocrx_word' id='word_1_131' title='bbox 355 2670 423 2724; x_wconf 81' lang='lat' dir='ltr'><strong>obss.</strong></span> <span class='ocrx_word' id='word_1_132' title='bbox 439 2672 496 2724; x_wconf 90' lang='lat' dir='ltr'><strong>crit.</strong></span> <span class='ocrx_word' id='word_1_133' title='bbox 511 2669 572 2724; x_wconf 88' lang='lat' dir='ltr'><strong>Vol.</strong></span> <span class='ocrx_word' id='word_1_134' title='bbox 587 2669 619 2724; x_wconf 80' lang='lat' dir='ltr'><strong>V.</strong></span> <span class='ocrx_word' id='word_1_135' title='bbox 642 2671 675 2722; x_wconf 84' lang='lat' dir='ltr'><strong>T.</strong></span> 
     </span>
     <span class='ocr_line' id='line_1_22' title="bbox 132 2753 677 2829; baseline 0 -23"><span class='ocrx_word' id='word_1_136' title='bbox 132 2753 165 2806; x_wconf 81' lang='lat'><strong>11.</strong></span> <span class='ocrx_word' id='word_1_137' title='bbox 191 2773 218 2824; x_wconf 91' lang='lat' dir='ltr'><strong>p.</strong></span> <span class='ocrx_word' id='word_1_138' title='bbox 238 2757 299 2808; x_wconf 88' lang='grc'><strong>274.</strong></span> <span class='ocrx_word' id='word_1_139' title='bbox 318 2757 346 2807; x_wconf 81' lang='grc'><strong>474</strong></span> <span class='ocrx_word' id='word_1_140' title='bbox 365 2756 463 2829; x_wconf 73' lang='lat' dir='ltr'><strong>pyzide</strong></span> <span class='ocrx_word' id='word_1_141' title='bbox 479 2756 582 2807; x_wconf 77' lang='lat' dir='ltr'><strong>condita</strong></span> <span class='ocrx_word' id='word_1_142' title='bbox 602 2753 677 2824; x_wconf 77' lang='lat' dir='ltr'><strong>Lyde</strong></span> 
     </span>
     <span class='ocr_line' id='line_1_23' title="bbox 137 2841 677 2894; baseline 0 -4"><span class='ocrx_word' id='word_1_143' title='bbox 137 2843 178 2892; x_wconf 86' lang='grc'><strong>45.</strong></span> <span class='ocrx_word' id='word_1_144' title='bbox 195 2844 238 2893; x_wconf 80' lang='grc'><strong>46.</strong></span> <span class='ocrx_word' id='word_1_145' title='bbox 252 2845 293 2892; x_wconf 90' lang='grc'><strong>47.</strong></span> <span class='ocrx_word' id='word_1_146' title='bbox 314 2843 355 2892; x_wconf 92' lang='grc'><strong>50.</strong></span> <span class='ocrx_word' id='word_1_147' title='bbox 367 2841 479 2894; x_wconf 76' lang='lat'>54-59.</span> <span class='ocrx_word' id='word_1_148' title='bbox 494 2843 535 2890; x_wconf 82' lang='grc'><strong>64.</strong></span> <span class='ocrx_word' id='word_1_149' title='bbox 551 2844 592 2892; x_wconf 87' lang='grc'><strong>62.</strong></span> <span class='ocrx_word' id='word_1_150' title='bbox 611 2844 677 2892; x_wconf 79' lang='grc'><strong>64·-</strong></span> 
     </span>
     <span class='ocr_line' id='line_1_24' title="bbox 136 2923 678 3000; baseline -0.007 -22"><span class='ocrx_word' id='word_1_151' title='bbox 136 2929 175 2978; x_wconf 80' lang='lat' dir='ltr'><strong>ss.</strong></span> <span class='ocrx_word' id='word_1_152' title='bbox 189 2930 231 2979; x_wconf 82' lang='lat' dir='ltr'><strong>se.</strong></span> <span class='ocrx_word' id='word_1_153' title='bbox 246 2931 289 2978; x_wconf 83' lang='grc'><strong>77.</strong></span> <span class='ocrx_word' id='word_1_154' title='bbox 303 2943 349 2978; x_wconf 70' lang='lat' dir='ltr'><strong>neo</strong></span> <span class='ocrx_word' id='word_1_155' title='bbox 366 2925 465 3000; x_wconf 64' lang='lat' dir='ltr'><strong>pyxide</strong></span> <span class='ocrx_word' id='word_1_156' title='bbox 483 2945 504 2976; x_wconf 70' lang='grc' dir='ltr'><strong>ι.</strong></span> <span class='ocrx_word' id='word_1_157' title='bbox 518 2923 551 2978; x_wconf 80' lang='lat' dir='ltr'><strong>t.</strong></span> <span class='ocrx_word' id='word_1_158' title='bbox 576 2930 618 2978; x_wconf 81' lang='grc'><strong>44.</strong></span> <span class='ocrx_word' id='word_1_159' title='bbox 637 2929 678 2978; x_wconf 80' lang='lat' dir='ltr'><strong>ts.</strong></span> 
     </span>
     <span class='ocr_line' id='line_1_25' title="bbox 141 3011 677 3084; baseline -0.002 -23"><span class='ocrx_word' id='word_1_160' title='bbox 141 3027 186 3062; x_wconf 79' lang='grc'><strong>4444</strong></span> <span class='ocrx_word' id='word_1_161' title='bbox 199 3011 304 3064; x_wconf 69' lang='lat' dir='ltr'><strong>mdiu</strong></span> <span class='ocrx_word' id='word_1_162' title='bbox 312 3012 410 3084; x_wconf 78' lang='lat' dir='ltr'><strong>pyxide</strong></span> <span class='ocrx_word' id='word_1_163' title='bbox 426 3011 501 3084; x_wconf 79' lang='lat' dir='ltr'><strong>Lyde</strong></span> <span class='ocrx_word' id='word_1_164' title='bbox 515 3016 556 3062; x_wconf 89' lang='grc'><strong>45.</strong></span> <span class='ocrx_word' id='word_1_165' title='bbox 570 3014 596 3060; x_wconf 86' lang='grc'><strong>444</strong></span> <span class='ocrx_word' id='word_1_166' title='bbox 615 3028 677 3061; x_wconf 82' lang='lat' dir='ltr'><strong>eon·</strong></span> 
     </span>
     <span class='ocr_line' id='line_1_26' title="bbox 143 3093 681 3166; baseline -0.007 -17"><span class='ocrx_word' id='word_1_167' title='bbox 143 3096 199 3149; x_wconf 77' lang='lat' dir='ltr'><strong>dtu</strong></span> <span class='ocrx_word' id='word_1_168' title='bbox 213 3115 242 3166; x_wconf 92' lang='lat' dir='ltr'><strong>p.</strong></span> <span class='ocrx_word' id='word_1_169' title='bbox 258 3097 290 3149; x_wconf 88' lang='lat' dir='ltr'><strong>L.</strong></span> <span class='ocrx_word' id='word_1_170' title='bbox 304 3095 503 3149; x_wconf 79' lang='lat' dir='ltr'><strong>27.-l²latbner</strong></span> <span class='ocrx_word' id='word_1_171' title='bbox 517 3093 605 3146; x_wconf 85' lang='lat' dir='ltr'><strong>laudat</strong></span> <span class='ocrx_word' id='word_1_172' title='bbox 620 3111 681 3146; x_wconf 91' lang='lat' dir='ltr'><strong>con·</strong></span> 
     </span>
     <span class='ocr_line' id='line_1_27' title="bbox 140 3175 677 3253; baseline -0.007 -19"><span class='ocrx_word' id='word_1_173' title='bbox 140 3179 198 3234; x_wconf 85' lang='lat' dir='ltr'><strong>ieet.</strong></span> <span class='ocrx_word' id='word_1_174' title='bbox 213 3183 244 3233; x_wconf 87' lang='lat' dir='ltr'><strong>C.</strong></span> <span class='ocrx_word' id='word_1_175' title='bbox 262 3179 437 3244; x_wconf 83' lang='lat' dir='ltr'><strong>Bacbmanni,</strong></span> <span class='ocrx_word' id='word_1_176' title='bbox 454 3198 501 3250; x_wconf 88' lang='lat' dir='ltr'><strong>pro</strong></span> <span class='ocrx_word' id='word_1_177' title='bbox 522 3177 596 3253; x_wconf 81' lang='lat' dir='ltr'><strong>Lyde</strong></span> <span class='ocrx_word' id='word_1_178' title='bbox 615 3175 677 3231; x_wconf 83' lang='lat' dir='ltr'><strong>sub·</strong></span> 
     </span>
     <span class='ocr_line' id='line_1_28' title="bbox 138 3261 680 3334; baseline -0.004 -17"><span class='ocrx_word' id='word_1_179' title='bbox 138 3264 272 3318; x_wconf 82' lang='lat' dir='ltr'><strong>stitnentis</strong></span> <span class='ocrx_word' id='word_1_180' title='bbox 282 3263 328 3317; x_wconf 81' lang='lat' dir='ltr'><strong>lite</strong></span> <span class='ocrx_word' id='word_1_181' title='bbox 338 3303 346 3330; x_wconf 94' lang='lat'><strong>,</strong></span> <span class='ocrx_word' id='word_1_182' title='bbox 357 3263 427 3334; x_wconf 85' lang='lat' dir='ltr'><strong>quod</strong></span> <span class='ocrx_word' id='word_1_183' title='bbox 439 3261 622 3316; x_wconf 78' lang='lat' dir='ltr'><strong>medicamenti</strong></span> <span class='ocrx_word' id='word_1_184' title='bbox 634 3279 680 3315; x_wconf 90' lang='lat' dir='ltr'><strong>no·</strong></span> 
     </span>
     <span class='ocr_line' id='line_1_29' title="bbox 138 3350 258 3403; baseline 0 -2"><span class='ocrx_word' id='word_1_185' title='bbox 138 3365 202 3402; x_wconf 79' lang='lat' dir='ltr'><strong>men</strong></span> <span class='ocrx_word' id='word_1_186' title='bbox 216 3350 258 3403; x_wconf 84' lang='lat' dir='ltr'><strong>sit.</strong></span> 
     </span>
    </p>

    <p class='ocr_par' dir='ltr' id='par_1_11' title="bbox 135 3429 685 4266">
     <span class='ocr_line' id='line_1_30' title="bbox 172 3429 681 3502; baseline -0.01 -15"><span class='ocrx_word' id='word_1_187' title='bbox 172 3439 237 3488; x_wconf 91' lang='grc'><strong>446.</strong></span> <span class='ocrx_word' id='word_1_188' title='bbox 250 3431 335 3488; x_wconf 75' lang='lat' dir='ltr'><strong>Catuli</strong></span> <span class='ocrx_word' id='word_1_189' title='bbox 349 3435 392 3489; x_wconf 87' lang='grc'><strong>75.</strong></span> <span class='ocrx_word' id='word_1_190' title='bbox 406 3437 449 3488; x_wconf 91' lang='grc'><strong>76.</strong></span> <span class='ocrx_word' id='word_1_191' title='bbox 465 3429 588 3502; x_wconf 78' lang='lat' dir='ltr'><strong>Paulique</strong></span> <span class='ocrx_word' id='word_1_192' title='bbox 601 3433 681 3482; x_wconf 80' lang='lat' dir='ltr'><strong>mitto·</strong></span> 
     </span>
     <span class='ocr_line' id='line_1_31' title="bbox 135 3515 682 3572; baseline -0.007 -2"><span class='ocrx_word' id='word_1_193' title='bbox 135 3520 203 3572; x_wconf 73' lang='lat' dir='ltr'><strong>ritu</strong></span> <span class='ocrx_word' id='word_1_194' title='bbox 216 3523 259 3572; x_wconf 90' lang='grc'><strong>22.</strong></span> <span class='ocrx_word' id='word_1_195' title='bbox 273 3523 317 3572; x_wconf 87' lang='grc'><strong>70.</strong></span> <span class='ocrx_word' id='word_1_196' title='bbox 334 3521 444 3572; x_wconf 84' lang='grc'><strong>76-77.</strong></span> <span class='ocrx_word' id='word_1_197' title='bbox 459 3519 501 3568; x_wconf 83' lang='grc'><strong>84.</strong></span> <span class='ocrx_word' id='word_1_198' title='bbox 520 3518 559 3567; x_wconf 82' lang='grc'><strong>02.</strong></span> <span class='ocrx_word' id='word_1_199' title='bbox 578 3523 609 3566; x_wconf 84' lang='grc'><strong>444</strong></span> <span class='ocrx_word' id='word_1_200' title='bbox 629 3515 682 3566; x_wconf 80' lang='lat' dir='ltr'><strong>lam</strong></span> 
     </span>
     <span class='ocr_line' id='line_1_32' title="bbox 138 3599 682 3672; baseline -0.018 -14"><span class='ocrx_word' id='word_1_201' title='bbox 138 3602 245 3658; x_wconf 79' lang='lat' dir='ltr'><strong>entend.</strong></span> <span class='ocrx_word' id='word_1_202' title='bbox 265 3603 336 3672; x_wconf 84' lang='lat' dir='ltr'><strong>lips.</strong></span> <span class='ocrx_word' id='word_1_203' title='bbox 357 3599 439 3670; x_wconf 79' lang='lat' dir='ltr'><strong>Epist.</strong></span> <span class='ocrx_word' id='word_1_204' title='bbox 457 3601 509 3668; x_wconf 89' lang='lat' dir='ltr'><strong>Qu.</strong></span> <span class='ocrx_word' id='word_1_205' title='bbox 537 3605 563 3661; x_wconf 78' lang='lat' dir='ltr'><strong>l,</strong></span> <span class='ocrx_word' id='word_1_206' title='bbox 585 3602 627 3651; x_wconf 85' lang='grc'><strong>25.</strong></span> <span class='ocrx_word' id='word_1_207' title='bbox 651 3601 682 3649; x_wconf 91' lang='lat' dir='ltr'><strong>ln</strong></span> 
     </span>
     <span class='ocr_line' id='line_1_33' title="bbox 138 3679 683 3758; baseline -0.015 -18"><span class='ocrx_word' id='word_1_208' title='bbox 138 3685 250 3758; x_wconf 82' lang='lat' dir='ltr'><strong>reliquis</strong></span> <span class='ocrx_word' id='word_1_209' title='bbox 272 3684 346 3739; x_wconf 86' lang='lat' dir='ltr'><strong>libris</strong></span> <span class='ocrx_word' id='word_1_210' title='bbox 373 3683 508 3753; x_wconf 77' lang='lat' dir='ltr'><strong>Padisque</strong></span> <span class='ocrx_word' id='word_1_211' title='bbox 532 3679 683 3746; x_wconf 76' lang='lat' dir='ltr'><strong>minoribns,</strong></span> 
     </span>
     <span class='ocr_line' id='line_1_34' title="bbox 140 3766 679 3842; baseline -0.011 -18"><span class='ocrx_word' id='word_1_212' title='bbox 140 3771 219 3842; x_wconf 78' lang='lat' dir='ltr'><strong>prob.</strong></span> <span class='ocrx_word' id='word_1_213' title='bbox 238 3769 317 3824; x_wconf 75' lang='lat' dir='ltr'><strong>Beck.</strong></span> <span class='ocrx_word' id='word_1_214' title='bbox 329 3771 375 3838; x_wconf 82' lang='lat' dir='ltr'><strong>(v.</strong></span> <span class='ocrx_word' id='word_1_215' title='bbox 391 3766 424 3820; x_wconf 78' lang='lat' dir='ltr'><strong>etl</strong></span> <span class='ocrx_word' id='word_1_216' title='bbox 439 3775 463 3832; x_wconf 83' lang='lat' dir='ltr'><strong>l,</strong></span> <span class='ocrx_word' id='word_1_217' title='bbox 476 3767 556 3833; x_wconf 85' lang='grc'><strong>464.)</strong></span> <span class='ocrx_word' id='word_1_218' title='bbox 577 3775 607 3818; x_wconf 85' lang='lat' dir='ltr'><strong>ut</strong></span> <span class='ocrx_word' id='word_1_219' title='bbox 629 3769 679 3818; x_wconf 86' lang='lat' dir='ltr'><strong>mt&#39;·</strong></span> 
     </span>
     <span class='ocr_line' id='line_1_35' title="bbox 139 3848 682 3924; baseline -0.011 -14"><span class='ocrx_word' id='word_1_220' title='bbox 139 3875 213 3910; x_wconf 76' lang='lat' dir='ltr'><strong>mres</strong></span> <span class='ocrx_word' id='word_1_221' title='bbox 232 3857 259 3908; x_wconf 80' lang='lat' dir='ltr'><strong>lt.</strong></span> <span class='ocrx_word' id='word_1_222' title='bbox 278 3873 300 3908; x_wconf 91' lang='grc'><strong>4.</strong></span> <span class='ocrx_word' id='word_1_223' title='bbox 318 3862 424 3924; x_wconf 80' lang='lat' dir='ltr'><strong>nepotes</strong></span> <span class='ocrx_word' id='word_1_224' title='bbox 446 3848 489 3905; x_wconf 80' lang='lat' dir='ltr'><strong>vet</strong></span> <span class='ocrx_word' id='word_1_225' title='bbox 513 3850 608 3920; x_wconf 83' lang='lat' dir='ltr'><strong>posteri</strong></span> <span class='ocrx_word' id='word_1_226' title='bbox 637 3851 682 3916; x_wconf 78' lang='lat' dir='ltr'><strong>(r.</strong></span> 
     </span>
     <span class='ocr_line' id='line_1_36' title="bbox 140 3931 678 4004; baseline -0.02 -9"><span class='ocrx_word' id='word_1_227' title='bbox 140 3945 246 3995; x_wconf 84' lang='lat' dir='ltr'><strong>Corum.</strong></span> <span class='ocrx_word' id='word_1_228' title='bbox 259 3937 292 3991; x_wconf 80' lang='grc'><strong>444</strong></span> <span class='ocrx_word' id='word_1_229' title='bbox 306 3949 331 4003; x_wconf 83' lang='lat' dir='ltr'><strong>t,</strong></span> <span class='ocrx_word' id='word_1_230' title='bbox 345 3939 421 4004; x_wconf 82' lang='grc'><strong>446.)</strong></span> <span class='ocrx_word' id='word_1_231' title='bbox 433 3933 458 3987; x_wconf 82' lang='grc'><strong>44.</strong></span> <span class='ocrx_word' id='word_1_232' title='bbox 473 3931 491 3988; x_wconf 88' lang='lat' dir='ltr'><strong>l.</strong></span> <span class='ocrx_word' id='word_1_233' title='bbox 500 3934 578 3988; x_wconf 85' lang='lat' dir='ltr'><strong>etiam</strong></span> <span class='ocrx_word' id='word_1_234' title='bbox 590 3933 678 3985; x_wconf 82' lang='lat' dir='ltr'><strong>(licon-</strong></span> 
     </span>
     <span class='ocr_line' id='line_1_37' title="bbox 141 4019 684 4096; baseline -0.018 -15"><span class='ocrx_word' id='word_1_235' title='bbox 141 4039 186 4081; x_wconf 84' lang='lat' dir='ltr'><strong>tur</strong></span> <span class='ocrx_word' id='word_1_236' title='bbox 212 4027 367 4096; x_wconf 81' lang='lat' dir='ltr'><strong>Capitolini,</strong></span> <span class='ocrx_word' id='word_1_237' title='bbox 389 4023 525 4087; x_wconf 77' lang='lat' dir='ltr'><strong>Marcelli,</strong></span> <span class='ocrx_word' id='word_1_238' title='bbox 551 4019 634 4074; x_wconf 80' lang='lat' dir='ltr'><strong>Catuli</strong></span> <span class='ocrx_word' id='word_1_239' title='bbox 659 4029 684 4072; x_wconf 90' lang='grc'><strong>44</strong></span> 
     </span>
     <span class='ocr_line' id='line_1_38' title="bbox 142 4103 685 4182; baseline -0.013 -19"><span class='ocrx_word' id='word_1_240' title='bbox 142 4111 234 4176; x_wconf 76' lang='lat' dir='ltr'><strong>Fabii,</strong></span> <span class='ocrx_word' id='word_1_241' title='bbox 263 4128 377 4182; x_wconf 82' lang='lat' dir='ltr'><strong>quorum</strong></span> <span class='ocrx_word' id='word_1_242' title='bbox 405 4117 495 4180; x_wconf 73' lang='lat' dir='ltr'><strong>gentes</strong></span> <span class='ocrx_word' id='word_1_243' title='bbox 522 4105 550 4158; x_wconf 93' lang='lat' dir='ltr'><strong>in</strong></span> <span class='ocrx_word' id='word_1_244' title='bbox 576 4103 685 4176; x_wconf 83' lang='lat' dir='ltr'><strong>posteris</strong></span> 
     </span>
     <span class='ocr_line' id='line_1_39' title="bbox 142 4189 579 4266; baseline -0.018 -15"><span class='ocrx_word' id='word_1_245' title='bbox 142 4197 195 4252; x_wconf 79' lang='lat' dir='ltr'><strong>suis</strong></span> <span class='ocrx_word' id='word_1_246' title='bbox 207 4213 311 4266; x_wconf 81' lang='lat' dir='ltr'><strong>semper</strong></span> <span class='ocrx_word' id='word_1_247' title='bbox 323 4198 419 4246; x_wconf 83' lang='lat' dir='ltr'><strong>Romae</strong></span> <span class='ocrx_word' id='word_1_248' title='bbox 431 4189 579 4243; x_wconf 84' lang='lat' dir='ltr'><strong>floruerint.</strong></span> 
     </span>
    </p>

    <p class='ocr_par' dir='ltr' id='par_1_12' title="bbox 145 4277 687 4520">
     <span class='ocr_line' id='line_1_40' title="bbox 177 4277 687 4337; baseline -0.018 -4"><span class='ocrx_word' id='word_1_249' title='bbox 177 4288 238 4337; x_wconf 87' lang='grc'><strong>448.</strong></span> <span class='ocrx_word' id='word_1_250' title='bbox 255 4279 404 4334; x_wconf 80' lang='lat' dir='ltr'><strong>Adrnoneos</strong></span> <span class='ocrx_word' id='word_1_251' title='bbox 421 4282 464 4331; x_wconf 85' lang='grc'><strong>46.</strong></span> <span class='ocrx_word' id='word_1_252' title='bbox 478 4278 519 4328; x_wconf 79' lang='lat' dir='ltr'><strong>tt.</strong></span> <span class='ocrx_word' id='word_1_253' title='bbox 534 4277 575 4328; x_wconf 86' lang='grc'><strong>50.</strong></span> <span class='ocrx_word' id='word_1_254' title='bbox 591 4277 632 4328; x_wconf 86' lang='grc'><strong>54.</strong></span> <span class='ocrx_word' id='word_1_255' title='bbox 647 4277 687 4326; x_wconf 88' lang='grc'><strong>60.</strong></span> 
     </span>
     <span class='ocr_line' id='line_1_41' title="bbox 145 4357 686 4436; baseline -0.018 -14"><span class='ocrx_word' id='word_1_256' title='bbox 145 4375 184 4422; x_wconf 82' lang='grc'><strong>64.</strong></span> <span class='ocrx_word' id='word_1_257' title='bbox 197 4375 241 4421; x_wconf 85' lang='grc'><strong>73.</strong></span> <span class='ocrx_word' id='word_1_258' title='bbox 261 4364 336 4436; x_wconf 86' lang='lat' dir='ltr'><strong>prob.</strong></span> <span class='ocrx_word' id='word_1_259' title='bbox 357 4361 459 4416; x_wconf 83' lang='lat' dir='ltr'><strong>Calder.</strong></span> <span class='ocrx_word' id='word_1_260' title='bbox 484 4369 510 4414; x_wconf 87' lang='lat' dir='ltr'><strong>et</strong></span> <span class='ocrx_word' id='word_1_261' title='bbox 529 4358 623 4424; x_wconf 87' lang='lat' dir='ltr'><strong>lunio,</strong></span> <span class='ocrx_word' id='word_1_262' title='bbox 641 4357 686 4428; x_wconf 89' lang='lat' dir='ltr'><strong>qui</strong></span> 
     </span>
     <span class='ocr_line' id='line_1_42' title="bbox 146 4447 684 4520; baseline -0.019 -12"><span class='ocrx_word' id='word_1_263' title='bbox 146 4451 214 4508; x_wconf 82' lang='lat' dir='ltr'><strong>male</strong></span> <span class='ocrx_word' id='word_1_264' title='bbox 233 4453 299 4506; x_wconf 83' lang='lat' dir='ltr'><strong>baec</strong></span> <span class='ocrx_word' id='word_1_265' title='bbox 317 4449 626 4520; x_wconf 73' lang='lat' dir='ltr'><strong>interpretantur.-uurc</strong></span> <span class='ocrx_word' id='word_1_266' title='bbox 642 4447 684 4499; x_wconf 81' lang='grc'><strong>26.</strong></span> 
     </span>
    </p>
   </div>
   <div class='ocr_carea' id='block_1_9' title="bbox 246 4548 375 4626">
    <p class='ocr_par' dir='ltr' id='par_1_13' title="bbox 246 4548 375 4626">
     <span class='ocr_line' id='line_1_43' title="bbox 246 4548 375 4626; baseline -0.008 0"><span class='ocrx_word' id='word_1_267' title='bbox 246 4553 332 4626; x_wconf 78' lang='lat' dir='ltr'><strong>Ivv.</strong></span> <span class='ocrx_word' id='word_1_268' title='bbox 346 4548 375 4625; x_wconf 92' lang='grc' dir='ltr'><strong>Ι.</strong></span> 
     </span>
    </p>
   </div>
   <div class='ocr_carea' id='block_1_10' title="bbox 725 2326 1263 2638">
    <p class='ocr_par' dir='ltr' id='par_1_14' title="bbox 725 2326 1259 2484">
     <span class='ocr_line' id='line_1_44' title="bbox 725 2326 1259 2399; baseline -0.002 -15"><span class='ocrx_word' id='word_1_269' title='bbox 725 2359 759 2374; x_wconf 86' lang='lat'><em>-</em></span> <span class='ocrx_word' id='word_1_270' title='bbox 772 2336 837 2384; x_wconf 83' lang='lat' dir='ltr'><strong>retia</strong></span> <span class='ocrx_word' id='word_1_271' title='bbox 848 2326 928 2384; x_wconf 74' lang='lat' dir='ltr'><strong>servat</strong></span> <span class='ocrx_word' id='word_1_272' title='bbox 943 2335 983 2384; x_wconf 89' lang='grc'><strong>44.</strong></span> <span class='ocrx_word' id='word_1_273' title='bbox 994 2333 1058 2382; x_wconf 86' lang='lat' dir='ltr'><strong>retia</strong></span> <span class='ocrx_word' id='word_1_274' title='bbox 1067 2329 1149 2399; x_wconf 80' lang='lat' dir='ltr'><strong>pulsat</strong></span> <span class='ocrx_word' id='word_1_275' title='bbox 1161 2347 1191 2382; x_wconf 81' lang='lat' dir='ltr'><strong>ex</strong></span> <span class='ocrx_word' id='word_1_276' title='bbox 1201 2329 1259 2383; x_wconf 84' lang='lat' dir='ltr'><strong>MS.</strong></span> 
     </span>
     <span class='ocr_line' id='line_1_45' title="bbox 725 2411 1241 2484; baseline -0.004 -16"><span class='ocrx_word' id='word_1_277' title='bbox 725 2415 828 2468; x_wconf 85' lang='lat' dir='ltr'><strong>emend.</strong></span> <span class='ocrx_word' id='word_1_278' title='bbox 842 2413 988 2484; x_wconf 72' lang='lat' dir='ltr'><strong>Scbegkius</strong></span> <span class='ocrx_word' id='word_1_279' title='bbox 1002 2411 1034 2465; x_wconf 87' lang='lat' dir='ltr'><strong>ad</strong></span> <span class='ocrx_word' id='word_1_280' title='bbox 1047 2411 1138 2464; x_wconf 87' lang='lat' dir='ltr'><strong>Vellei.</strong></span> <span class='ocrx_word' id='word_1_281' title='bbox 1156 2421 1180 2478; x_wconf 88' lang='grc'><strong>4,</strong></span> <span class='ocrx_word' id='word_1_282' title='bbox 1199 2419 1241 2466; x_wconf 76' lang='grc'><strong>44.</strong></span> 
     </span>
    </p>

    <p class='ocr_par' dir='ltr' id='par_1_15' title="bbox 726 2496 1263 2638">
     <span class='ocr_line' id='line_1_46' title="bbox 761 2496 1263 2569; baseline -0.004 -19"><span class='ocrx_word' id='word_1_283' title='bbox 761 2503 818 2553; x_wconf 86' lang='grc'><strong>449.</strong></span> <span class='ocrx_word' id='word_1_284' title='bbox 827 2499 891 2553; x_wconf 78' lang='lat' dir='ltr'><strong>Esse</strong></span> <span class='ocrx_word' id='word_1_285' title='bbox 903 2499 1001 2569; x_wconf 78' lang='lat' dir='ltr'><strong>aliquos</strong></span> <span class='ocrx_word' id='word_1_286' title='bbox 1011 2515 1103 2552; x_wconf 85' lang='lat' dir='ltr'><strong>ornnes</strong></span> <span class='ocrx_word' id='word_1_287' title='bbox 1112 2496 1172 2550; x_wconf 86' lang='lat' dir='ltr'><strong>libri</strong></span> <span class='ocrx_word' id='word_1_288' title='bbox 1190 2514 1263 2567; x_wconf 81' lang='lat' dir='ltr'><strong>prae-</strong></span> 
     </span>
     <span class='ocr_line' id='line_1_47' title="bbox 726 2585 943 2638; baseline -0.009 0"><span class='ocrx_word' id='word_1_289' title='bbox 726 2593 767 2638; x_wconf 88' lang='lat' dir='ltr'><strong>ter</strong></span> <span class='ocrx_word' id='word_1_290' title='bbox 782 2592 824 2638; x_wconf 84' lang='lat' dir='ltr'><strong>tt.</strong></span> <span class='ocrx_word' id='word_1_291' title='bbox 843 2603 868 2637; x_wconf 87' lang='lat' dir='ltr'><strong>v.</strong></span> <span class='ocrx_word' id='word_1_292' title='bbox 882 2585 943 2636; x_wconf 84' lang='lat' dir='ltr'><strong>Ere.</strong></span> 
     </span>
    </p>
   </div>
   <div class='ocr_carea' id='block_1_11' title="bbox 761 2678 1263 2756">
    <p class='ocr_par' dir='ltr' id='par_1_16' title="bbox 761 2678 1263 2756">
     <span class='ocr_line' id='line_1_48' title="bbox 761 2678 1263 2756; baseline -0.008 -19"><span class='ocrx_word' id='word_1_293' title='bbox 761 2687 816 2739; x_wconf 85' lang='grc'><strong>450.</strong></span> <span class='ocrx_word' id='word_1_294' title='bbox 830 2695 933 2756; x_wconf 80' lang='lat' dir='ltr'><strong>pontum</strong></span> <span class='ocrx_word' id='word_1_295' title='bbox 949 2691 1088 2736; x_wconf 78' lang='lat' dir='ltr'><strong>etcertum</strong></span> <span class='ocrx_word' id='word_1_296' title='bbox 1101 2678 1153 2734; x_wconf 85' lang='lat' dir='ltr'><strong>alii.</strong></span> <span class='ocrx_word' id='word_1_297' title='bbox 1166 2681 1263 2736; x_wconf 66' lang='lat' dir='ltr'><strong>milae.</strong></span> 
     </span>
    </p>
   </div>
   <div class='ocr_carea' id='block_1_12' title="bbox 761 2785 1262 2936">
    <p class='ocr_par' dir='ltr' id='par_1_17' title="bbox 761 2785 1262 2936">
     <span class='ocr_line' id='line_1_49' title="bbox 763 2785 1082 2852; baseline -0.006 -18"><span class='ocrx_word' id='word_1_298' title='bbox 763 2787 819 2836; x_wconf 89' lang='grc'><strong>454.</strong></span> <span class='ocrx_word' id='word_1_299' title='bbox 838 2799 905 2834; x_wconf 79' lang='lat' dir='ltr'><strong>uma</strong></span> <span class='ocrx_word' id='word_1_300' title='bbox 917 2797 1025 2852; x_wconf 79' lang='lat' dir='ltr'><strong>promta</strong></span> <span class='ocrx_word' id='word_1_301' title='bbox 1041 2785 1082 2832; x_wconf 87' lang='grc'><strong>46.</strong></span> 
     </span>
     <span class='ocr_line' id='line_1_50' title="bbox 761 2858 1262 2936; baseline -0.008 -18"><span class='ocrx_word' id='word_1_302' title='bbox 761 2883 811 2918; x_wconf 81' lang='lat' dir='ltr'><strong>una</strong></span> <span class='ocrx_word' id='word_1_303' title='bbox 830 2865 934 2936; x_wconf 68' lang='lat' dir='ltr'><strong>eymbap</strong></span> <span class='ocrx_word' id='word_1_304' title='bbox 958 2861 1065 2916; x_wconf 82' lang='lat' dir='ltr'><strong>Lueian.</strong></span> <span class='ocrx_word' id='word_1_305' title='bbox 1094 2858 1155 2916; x_wconf 84' lang='lat' dir='ltr'><strong>dial.</strong></span> <span class='ocrx_word' id='word_1_306' title='bbox 1183 2869 1262 2914; x_wconf 82' lang='lat' dir='ltr'><strong>morl.</strong></span> 
     </span>
    </p>
   </div>
   <div class='ocr_carea' id='block_1_13' title="bbox 728 2936 1361 3018">
    <p class='ocr_par' dir='ltr' id='par_1_18' title="bbox 728 2936 1361 3018">
     <span class='ocr_line' id='line_1_51' title="bbox 728 2936 1361 3018; baseline -0.011 -14"><span class='ocrx_word' id='word_1_307' title='bbox 728 2951 793 3012; x_wconf 77' lang='grc' dir='ltr'><strong>ΧΠ,</strong></span> <span class='ocrx_word' id='word_1_308' title='bbox 822 2954 845 3000; x_wconf 87' lang='grc'><strong>5.</strong></span> <span class='ocrx_word' id='word_1_309' title='bbox 873 2947 935 3018; x_wconf 67' lang='grc'><strong>474474</strong></span> <span class='ocrx_word' id='word_1_310' title='bbox 962 2951 1025 3018; x_wconf 72' lang='grc' dir='ltr'><strong>γοῦν</strong></span> <span class='ocrx_word' id='word_1_311' title='bbox 1043 2941 1057 2998; x_wconf 84' lang='grc'><strong>44</strong></span> <span class='ocrx_word' id='word_1_312' title='bbox 1077 2944 1208 3016; x_wconf 69' lang='grc' dir='ltr'><strong>πορθμιὺς</strong></span> <span class='ocrx_word' id='word_1_313' title='bbox 1227 2945 1262 3016; x_wconf 76' lang='grc' dir='ltr'><strong>μὴ</strong></span> <span class='ocrx_word' id='word_1_314' title='bbox 1358 2936 1361 2944; x_wconf 67' lang='grc'><strong>’</strong></span> 
     </span>
    </p>
   </div>
   <div class='ocr_carea' id='block_1_14' title="bbox 729 3027 1266 3256">
    <p class='ocr_par' dir='ltr' id='par_1_19' title="bbox 729 3027 1266 3256">
     <span class='ocr_line' id='line_1_52' title="bbox 729 3027 1265 3104; baseline -0.015 -16"><span class='ocrx_word' id='word_1_315' title='bbox 729 3031 864 3104; x_wconf 72' lang='grc' dir='ltr'>διαρκέσαι</span> <span class='ocrx_word' id='word_1_316' title='bbox 878 3029 964 3090; x_wconf 71' lang='grc' dir='ltr'>αὐτοῖς</span> <span class='ocrx_word' id='word_1_317' title='bbox 977 3030 1032 3084; x_wconf 80' lang='lat' dir='ltr'><strong>riu</strong></span> <span class='ocrx_word' id='word_1_318' title='bbox 1043 3027 1071 3082; x_wconf 78' lang='grc' dir='ltr'><strong>τὸ</strong></span> <span class='ocrx_word' id='word_1_319' title='bbox 1083 3029 1187 3102; x_wconf 72' lang='grc' dir='ltr'><strong>σκάφος,</strong></span> <span class='ocrx_word' id='word_1_320' title='bbox 1200 3029 1265 3085; x_wconf 77' lang='grc' dir='ltr'>ἀλλὰ</span> 
     </span>
     <span class='ocr_line' id='line_1_53' title="bbox 730 3111 1266 3190; baseline -0.013 -19"><span class='ocrx_word' id='word_1_321' title='bbox 730 3113 837 3190; x_wconf 77' lang='grc' dir='ltr'>σχιδίας</span> <span class='ocrx_word' id='word_1_322' title='bbox 859 3111 1066 3184; x_wconf 81' lang='grc' dir='ltr'><strong>διαπηξαμ4νιι4ς</strong></span> <span class='ocrx_word' id='word_1_323' title='bbox 1082 3111 1140 3175; x_wconf 82' lang='grc' dir='ltr'>τοὺς</span> <span class='ocrx_word' id='word_1_324' title='bbox 1161 3111 1266 3176; x_wconf 81' lang='grc' dir='ltr'><strong>πολλοὺς</strong></span> 
     </span>
     <span class='ocr_line' id='line_1_54' title="bbox 730 3197 989 3256; baseline -0.015 0"><span class='ocrx_word' id='word_1_325' title='bbox 730 3203 814 3256; x_wconf 75' lang='grc' dir='ltr'>αὐτῶν</span> <span class='ocrx_word' id='word_1_326' title='bbox 826 3197 989 3256; x_wconf 63' lang='lat' dir='ltr'><strong>tarteson.</strong></span> 
     </span>
    </p>
   </div>
   <div class='ocr_carea' id='block_1_15' title="bbox 731 3297 1270 3709">
    <p class='ocr_par' dir='ltr' id='par_1_20' title="bbox 731 3297 1270 3709">
     <span class='ocr_line' id='line_1_55' title="bbox 767 3297 1267 3372; baseline -0.012 -16"><span class='ocrx_word' id='word_1_327' title='bbox 767 3309 822 3358; x_wconf 89' lang='grc'><strong>452.</strong></span> <span class='ocrx_word' id='word_1_328' title='bbox 839 3301 911 3354; x_wconf 81' lang='lat' dir='ltr'><strong>Haec</strong></span> <span class='ocrx_word' id='word_1_329' title='bbox 924 3305 965 3354; x_wconf 88' lang='grc'><strong>24.</strong></span> <span class='ocrx_word' id='word_1_330' title='bbox 984 3297 1042 3372; x_wconf 72' lang='lat' dir='ltr'><strong>Neo</strong></span> <span class='ocrx_word' id='word_1_331' title='bbox 1061 3299 1162 3352; x_wconf 79' lang='lat' dir='ltr'><strong>eredunt</strong></span> <span class='ocrx_word' id='word_1_332' title='bbox 1178 3302 1267 3368; x_wconf 81' lang='lat' dir='ltr'><strong>pueri,</strong></span> 
     </span>
     <span class='ocr_line' id='line_1_56' title="bbox 731 3378 1268 3458; baseline -0.007 -20"><span class='ocrx_word' id='word_1_333' title='bbox 731 3391 774 3458; x_wconf 78' lang='lat' dir='ltr'><strong>qui</strong></span> <span class='ocrx_word' id='word_1_334' title='bbox 795 3386 905 3438; x_wconf 75' lang='lat' dir='ltr'><strong>medeam</strong></span> <span class='ocrx_word' id='word_1_335' title='bbox 923 3403 979 3438; x_wconf 82' lang='lat' dir='ltr'><strong>aere</strong></span> <span class='ocrx_word' id='word_1_336' title='bbox 1000 3385 1126 3436; x_wconf 76' lang='grc'><strong>4447444444</strong></span> <span class='ocrx_word' id='word_1_337' title='bbox 1147 3389 1189 3436; x_wconf 90' lang='grc'><strong>46.</strong></span> <span class='ocrx_word' id='word_1_338' title='bbox 1211 3378 1268 3434; x_wconf 83' lang='lat' dir='ltr'><strong>Neo</strong></span> 
     </span>
     <span class='ocr_line' id='line_1_57' title="bbox 732 3469 1269 3539; baseline -0.013 -14"><span class='ocrx_word' id='word_1_339' title='bbox 732 3491 800 3525; x_wconf 81' lang='grc'><strong>444444</strong></span> <span class='ocrx_word' id='word_1_340' title='bbox 815 3471 931 3534; x_wconf 81' lang='lat' dir='ltr'><strong>creduut,</strong></span> <span class='ocrx_word' id='word_1_341' title='bbox 957 3487 1002 3520; x_wconf 85' lang='lat' dir='ltr'><strong>nec</strong></span> <span class='ocrx_word' id='word_1_342' title='bbox 1017 3473 1059 3539; x_wconf 77' lang='lat' dir='ltr'><strong>qni</strong></span> <span class='ocrx_word' id='word_1_343' title='bbox 1078 3469 1188 3520; x_wconf 75' lang='grc'><strong>4444444474</strong></span> <span class='ocrx_word' id='word_1_344' title='bbox 1211 3483 1269 3518; x_wconf 77' lang='lat' dir='ltr'><strong>nere</strong></span> 
     </span>
     <span class='ocr_line' id='line_1_58' title="bbox 732 3549 1268 3622; baseline -0.011 -12"><span class='ocrx_word' id='word_1_345' title='bbox 732 3557 846 3610; x_wconf 80' lang='lat' dir='ltr'><strong>lavantur</strong></span> <span class='ocrx_word' id='word_1_346' title='bbox 858 3556 914 3609; x_wconf 82' lang='lat' dir='ltr'><strong>Ms.</strong></span> <span class='ocrx_word' id='word_1_347' title='bbox 927 3553 1066 3617; x_wconf 84' lang='lat' dir='ltr'><strong>Scriverii,</strong></span> <span class='ocrx_word' id='word_1_348' title='bbox 1079 3562 1143 3606; x_wconf 85' lang='grc'><strong>44444</strong></span> <span class='ocrx_word' id='word_1_349' title='bbox 1157 3569 1186 3604; x_wconf 79' lang='lat' dir='ltr'><strong>ac</strong></span> <span class='ocrx_word' id='word_1_350' title='bbox 1196 3549 1268 3622; x_wconf 88' lang='lat' dir='ltr'><strong>prob.</strong></span> 
     </span>
     <span class='ocr_line' id='line_1_59' title="bbox 732 3635 1270 3709; baseline -0.013 -13"><span class='ocrx_word' id='word_1_351' title='bbox 732 3642 827 3696; x_wconf 86' lang='lat' dir='ltr'><strong>Crenio</strong></span> <span class='ocrx_word' id='word_1_352' title='bbox 841 3641 869 3694; x_wconf 90' lang='lat' dir='ltr'><strong>in</strong></span> <span class='ocrx_word' id='word_1_353' title='bbox 886 3639 1027 3694; x_wconf 79' lang='lat' dir='ltr'><strong>Animadv.</strong></span> <span class='ocrx_word' id='word_1_354' title='bbox 1047 3635 1137 3709; x_wconf 82' lang='lat' dir='ltr'><strong>philol.</strong></span> <span class='ocrx_word' id='word_1_355' title='bbox 1154 3639 1183 3692; x_wconf 85' lang='lat' dir='ltr'><strong>P.</strong></span> <span class='ocrx_word' id='word_1_356' title='bbox 1200 3637 1270 3690; x_wconf 83' lang='lat' dir='ltr'><strong>Xlll.</strong></span> 
     </span>
    </p>
   </div>
   <div class='ocr_carea' id='block_1_16' title="bbox 733 3733 1186 3883">
    <p class='ocr_par' dir='ltr' id='par_1_21' title="bbox 733 3733 1186 3883">
     <span class='ocr_line' id='line_1_60' title="bbox 753 3738 818 3783; baseline 0 -2"><span class='ocrx_word' id='word_1_357' title='bbox 753 3767 759 3783; x_wconf 89' lang='lat'>.</span> <span class='ocrx_word' id='word_1_358' title='bbox 778 3738 788 3780; x_wconf 88' lang='grc'><strong>4</strong></span> <span class='ocrx_word' id='word_1_359' title='bbox 811 3765 818 3781; x_wconf 86' lang='grc'><strong>.</strong></span> 
     </span>
     <span class='ocr_line' id='line_1_61' title="bbox 733 3733 1186 3883; baseline -0.015 -16"><span class='ocrx_word' id='word_1_360' title='bbox 733 3749 750 3800; x_wconf 58' lang='lat' dir='ltr'><strong>P</strong></span> <span class='ocrx_word' id='word_1_361' title='bbox 770 3733 828 3868; x_wconf 61' lang='lat'>⁴5⁹³.</span> <span class='ocrx_word' id='word_1_362' title='bbox 840 3813 909 3883; x_wconf 65' lang='lat' dir='ltr'><strong>quot</strong></span> <span class='ocrx_word' id='word_1_363' title='bbox 920 3817 962 3864; x_wconf 85' lang='grc'><strong>47.</strong></span> <span class='ocrx_word' id='word_1_364' title='bbox 975 3815 1017 3864; x_wconf 85' lang='lat' dir='ltr'><strong>so.</strong></span> <span class='ocrx_word' id='word_1_365' title='bbox 1035 3815 1077 3865; x_wconf 78' lang='grc'><strong>47.</strong></span> <span class='ocrx_word' id='word_1_366' title='bbox 1090 3811 1133 3862; x_wconf 82' lang='lat' dir='ltr'><strong>co.</strong></span> <span class='ocrx_word' id='word_1_367' title='bbox 1147 3811 1186 3860; x_wconf 80' lang='lat' dir='ltr'><strong>ss.</strong></span> 
     </span>
    </p>
   </div>
   <div class='ocr_carea' id='block_1_17' title="bbox 735 3913 1274 4408">
    <p class='ocr_par' dir='ltr' id='par_1_22' title="bbox 735 3913 1274 4408">
     <span class='ocr_line' id='line_1_62' title="bbox 770 3913 1270 3985; baseline -0.008 -19"><span class='ocrx_word' id='word_1_368' title='bbox 770 3919 827 3968; x_wconf 78' lang='grc'><strong>444.</strong></span> <span class='ocrx_word' id='word_1_369' title='bbox 841 3915 961 3985; x_wconf 69' lang='lat' dir='ltr'><strong>,roais</strong></span> <span class='ocrx_word' id='word_1_370' title='bbox 977 3919 1016 3966; x_wconf 84' lang='grc'><strong>47.</strong></span> <span class='ocrx_word' id='word_1_371' title='bbox 1036 3915 1078 3965; x_wconf 80' lang='lat' dir='ltr'><strong>ss.</strong></span> <span class='ocrx_word' id='word_1_372' title='bbox 1100 3915 1142 3963; x_wconf 81' lang='lat' dir='ltr'><strong>st.</strong></span> <span class='ocrx_word' id='word_1_373' title='bbox 1164 3913 1203 3961; x_wconf 81' lang='lat' dir='ltr'><strong>ss.</strong></span> <span class='ocrx_word' id='word_1_374' title='bbox 1228 3913 1270 3962; x_wconf 82' lang='lat' dir='ltr'><strong>eo.</strong></span> 
     </span>
     <span class='ocr_line' id='line_1_63' title="bbox 735 3995 1270 4068; baseline -0.017 -15"><span class='ocrx_word' id='word_1_375' title='bbox 735 4005 775 4053; x_wconf 88' lang='grc'><strong>65.</strong></span> <span class='ocrx_word' id='word_1_376' title='bbox 790 4009 814 4051; x_wconf 87' lang='grc'><strong>44</strong></span> <span class='ocrx_word' id='word_1_377' title='bbox 830 3998 891 4068; x_wconf 81' lang='lat' dir='ltr'><strong>quid</strong></span> <span class='ocrx_word' id='word_1_378' title='bbox 905 3995 1109 4050; x_wconf 55' lang='lat' dir='ltr'><strong>lie-Fabullus</strong></span> <span class='ocrx_word' id='word_1_379' title='bbox 1119 3997 1161 4045; x_wconf 74' lang='grc' dir='ltr'><strong>24.ι</strong></span> <span class='ocrx_word' id='word_1_380' title='bbox 1174 3998 1214 4046; x_wconf 83' lang='grc'><strong>23.</strong></span> <span class='ocrx_word' id='word_1_381' title='bbox 1229 3995 1270 4044; x_wconf 85' lang='grc'><strong>24.</strong></span> 
     </span>
     <span class='ocr_line' id='line_1_64' title="bbox 736 4079 1270 4140; baseline -0.013 -2"><span class='ocrx_word' id='word_1_382' title='bbox 736 4090 777 4140; x_wconf 88' lang='grc'><strong>27.</strong></span> <span class='ocrx_word' id='word_1_383' title='bbox 793 4091 835 4138; x_wconf 78' lang='lat' dir='ltr'><strong>st.</strong></span> <span class='ocrx_word' id='word_1_384' title='bbox 850 4089 892 4138; x_wconf 90' lang='grc'><strong>60.</strong></span> <span class='ocrx_word' id='word_1_385' title='bbox 904 4087 946 4135; x_wconf 88' lang='grc'><strong>64.</strong></span> <span class='ocrx_word' id='word_1_386' title='bbox 961 4088 1002 4134; x_wconf 89' lang='grc'><strong>65.</strong></span> <span class='ocrx_word' id='word_1_387' title='bbox 1016 4079 1067 4132; x_wconf 89' lang='lat' dir='ltr'><strong>Sed</strong></span> <span class='ocrx_word' id='word_1_388' title='bbox 1088 4080 1116 4130; x_wconf 88' lang='lat' dir='ltr'><strong>in</strong></span> <span class='ocrx_word' id='word_1_389' title='bbox 1132 4095 1270 4131; x_wconf 83' lang='lat' dir='ltr'><strong>marmorr.</strong></span> 
     </span>
     <span class='ocr_line' id='line_1_65' title="bbox 737 4163 1272 4236; baseline -0.015 -12"><span class='ocrx_word' id='word_1_390' title='bbox 737 4171 881 4230; x_wconf 72' lang='lat' dir='ltr'><strong>Fabricio,</strong></span> <span class='ocrx_word' id='word_1_391' title='bbox 897 4175 922 4218; x_wconf 90' lang='grc'><strong>44</strong></span> <span class='ocrx_word' id='word_1_392' title='bbox 933 4165 1038 4218; x_wconf 79' lang='lat' dir='ltr'><strong>Graecis</strong></span> <span class='ocrx_word' id='word_1_393' title='bbox 1052 4164 1192 4236; x_wconf 77' lang='grc' dir='ltr'>Φαβρίκιος</span> <span class='ocrx_word' id='word_1_394' title='bbox 1204 4163 1272 4216; x_wconf 80' lang='lat' dir='ltr'><strong>‹tici-</strong></span> 
     </span>
     <span class='ocr_line' id='line_1_66' title="bbox 738 4245 1274 4326; baseline -0.017 -17"><span class='ocrx_word' id='word_1_395' title='bbox 738 4265 790 4310; x_wconf 83' lang='lat' dir='ltr'><strong>tur.</strong></span> <span class='ocrx_word' id='word_1_396' title='bbox 802 4253 826 4305; x_wconf 84' lang='lat' dir='ltr'>A</span> <span class='ocrx_word' id='word_1_397' title='bbox 835 4251 992 4326; x_wconf 78' lang='lat' dir='ltr'><strong>fabricando</strong></span> <span class='ocrx_word' id='word_1_398' title='bbox 1004 4265 1100 4302; x_wconf 87' lang='lat' dir='ltr'><strong>nomen</strong></span> <span class='ocrx_word' id='word_1_399' title='bbox 1123 4247 1183 4301; x_wconf 90' lang='lat' dir='ltr'><strong>huic</strong></span> <span class='ocrx_word' id='word_1_400' title='bbox 1204 4245 1274 4319; x_wconf 78' lang='lat' dir='ltr'><strong>genti</strong></span> 
     </span>
     <span class='ocr_line' id='line_1_67' title="bbox 739 4339 1028 4408; baseline -0.031 -13"><span class='ocrx_word' id='word_1_401' title='bbox 739 4339 853 4395; x_wconf 85' lang='lat' dir='ltr'><strong>inditum</strong></span> <span class='ocrx_word' id='word_1_402' title='bbox 868 4345 979 4408; x_wconf 84' lang='lat' dir='ltr'><strong>putatur.</strong></span> <span class='ocrx_word' id='word_1_403' title='bbox 1026 4351 1028 4356; x_wconf 90' lang='lat'>·</span> 
     </span>
    </p>
   </div>
   <div class='ocr_carea' id='block_1_18' title="bbox 773 4439 1204 4511">
    <p class='ocr_par' dir='ltr' id='par_1_23' title="bbox 773 4439 1204 4511">
     <span class='ocr_line' id='line_1_68' title="bbox 773 4439 1204 4511; baseline -0.021 -15"><span class='ocrx_word' id='word_1_404' title='bbox 773 4439 1086 4511; x_wconf 75' lang='lat' dir='ltr'><strong>iss.Quodtr.ts.ts.</strong></span> <span class='ocrx_word' id='word_1_405' title='bbox 1102 4441 1144 4490; x_wconf 81' lang='lat' dir='ltr'><strong>oo.</strong></span> <span class='ocrx_word' id='word_1_406' title='bbox 1163 4439 1204 4489; x_wconf 83' lang='lat' dir='ltr'><strong>ss.</strong></span> 
     </span>
    </p>
   </div>
   <div class='ocr_carea' id='block_1_19' title="bbox 0 0 1573 5494">
    <p class='ocr_par' dir='ltr' id='par_1_24' title="bbox 0 0 1573 5494">
     <span class='ocr_line' id='line_1_69' title="bbox 0 0 1573 5494; baseline 0 0"><span class='ocrx_word' id='word_1_407' title='bbox 0 0 1573 5494; x_wconf 95' lang='lat' dir='ltr'><strong> </strong></span> 
     </span>
    </p>
   </div>
   <div class='ocr_carea' id='block_1_20' title="bbox 1206 957 1336 1010">
    <p class='ocr_par' dir='ltr' id='par_1_25' title="bbox 1206 957 1336 1010">
     <span class='ocr_line' id='line_1_70' title="bbox 1206 957 1336 1010; baseline 0.015 -3"><span class='ocrx_word' id='word_1_408' title='bbox 1206 957 1255 1010; x_wconf 88' lang='grc'><strong>445</strong></span> <span class='ocrx_word' id='word_1_409' title='bbox 1334 975 1336 982; x_wconf 79' lang='grc'><em>’</em></span> 
     </span>
    </p>
   </div>
  </div>
 </body>
</html>
