3028 5492
378 397 614 466 enarrans
648 397 919 466 o1vausoavl1
1127 363 1222 478 ‚lxr

103 599 144 691 pri
160 595 221 664 suis
241 599 438 686 potissimum
459 601 653 688 popularibus
665 604 822 680 scribunt,
839 604 949 690 qoibus
965 599 1058 668 mdlta
1073 609 1145 668 sunt
1159 625 1218 670 no·

99 699 210 770 bama,
237 718 319 782 quaa
339 720 400 762 uos
421 701 605 782 ignoramus.
621 701 875 780 (1)-Ceteruoa
907 705 938 762 in
963 701 1068 763 Satiris
1092 711 1121 762 et
1142 701 1218 784 Epi-

101 795 165 860 stolis
181 794 316 856 Horatii
335 817 398 856 non
420 796 494 857 levis
513 796 700 878 conspicitur
721 807 752 858 et
773 799 913 873 formae,
933 807 964 858 et
985 799 1173 878 argumenti,
1187 807 1220 860 et

101 891 248 964 anano,
270 901 305 952 et
325 891 418 974 ipsius
438 891 571 975 denique
592 893 681 955 metri
701 892 903 975 disparilitas,
923 893 962 954 de
983 915 1042 976 qua
1064 897 1218 976 Morgen-

95 1004 159 1050 uas
175 987 215 1048 V.
239 987 279 1048 C.
303 987 338 1048 in
359 987 506 1069 singulari
527 989 631 1050 libello
652 1011 680 1048 a.
698 991 774 1052 1803
793 990 876 1050 auito
896 989 985 1050 docte
1007 988 1169 1064 disseruit,
1187 999 1218 1052 et

98 1086 135 1148 lil.
149 1083 351 1146 bicbstadr'us
373 1087 406 1144 in
429 1085 561 1165 Epistola
584 1085 620 1144 aal
642 1087 786 1162 Astium,
808 1089 897 1146 liuius
912 1096 1076 1148 comment.
1093 1085 1131 1148 de
1147 1087 1220 1148 Pla-

97 1181 157 1242 touis
175 1179 336 1242 Phaedro
356 1181 449 1253 (Jeo.
474 1181 582 1255 1801.)
606 1179 723 1243 adnexa
744 1204 774 1264 p.
801 1185 856 1246 aaa
889 1201 973 1264 scq.,
1002 1181 1156 1262 praeclare
1177 1184 1217 1244 ita

96 1276 228 1358 diputat:
259 1303 276 1332 a
289 1276 384 1354 Quod
405 1277 443 1340 ad
453 1277 600 1356 sormam
621 1278 752 1353 attinet,
766 1276 892 1360 epistola
906 1299 1002 1358 quum
1020 1289 1121 1340 certae
1136 1299 1213 1360 per-

92 1391 184 1444 onae,
206 1382 269 1434 aut
292 1391 403 1446 verae,
426 1381 479 1432 aut
499 1372 606 1447 fictae,
626 1373 665 1434 ab
684 1382 809 1436 auctore
829 1374 997 1446 scribatur3
1018 1395 1139 1436 necesse
1153 1384 1216 1448 est,

90 1487 195 1530 uncus
219 1468 398 1530 orationem
414 1469 559 1548 componi
579 1469 831 1553 conformarique
852 1491 915 1530 uon
938 1469 1088 1532 modoad
1110 1469 1216 1546 buius,

88 1565 127 1648 qui
148 1565 302 1648 scripsit,
326 1564 380 1628 scd
402 1565 435 1626 in
459 1564 567 1648 primis
590 1565 629 1626 ad
650 1565 755 1642 illius,
777 1567 826 1628 cui
847 1566 961 1648 scripto
983 1577 1044 1640 est,
1059 1567 1217 1642 animum,

87 1681 210 1735 nores,
244 1671 420 1743 tempora,
458 1671 614 1722 externam
650 1661 890 1734 conditionems
919 1684 1084 1747 earumque
1112 1685 1219 1728 seruus

87 1757 217 1818 omnium
241 1767 361 1818 tantam
384 1757 469 1820 cerui
491 1757 523 1816 in
545 1766 607 1818 toto
627 1760 763 1820 carmine
786 1760 926 1834 sirn,.ut
947 1780 1009 1819 nou
1039 1759 1134 1840 magis
1156 1781 1217 1846 ar-

89 1853 243 1936 gementi,
267 1875 363 1935 quana
384 1873 586 1935 personarum
608 1855 687 1915 ratio
707 1854 864 1916 habeatur.
884 1853 1004 1914 Horum
1018 1854 1096 1916 nibil
1117 1856 1216 1936 quic·-

91 1971 172 2032 qusm
203 1950 240 2010 iu
268 1950 378 2012 Satiris
397 1959 544 2031 apparet:
573 1950 764 2034 quaestions
792 1950 817 2010 si
844 1949 1001 2012 cuiusdam
1023 1949 1141 2012 nomini
1161 1951 1217 2010 in-

26 2094 28 2109 .
93 2045 280 2122 scribantur,
299 2055 404 2106 tamen
417 2045 576 2128 inscriptio
598 2067 662 2106 nun
684 2045 742 2108 nisi
762 2067 819 2128 pro
839 2044 1034 2108 dedicatione
1053 2055 1117 2122 ast,
1138 2065 1217 2128 quaa

95 2143 261 2228 argumenti
283 2143 467 2204 tractatione
481 2141 558 2202 nibil
573 2142 690 2204 officiat.
711 2142 775 2204 Sed
796 2163 874 2225 quae
895 2152 1010 2204 certam
1024 2153 1054 2205 et
1067 2154 1216 2206 coustan-

95 2252 148 2304 tem
167 2240 265 2302 babet
284 2239 416 2300 formam
438 2237 591 2320 Epistola,
605 2238 711 2300 eadem
728 2239 758 2299 in
774 2255 952 2324 argumento
967 2241 1049 2302 varia
1062 2243 1218 2324 reperitur

96 2347 127 2400 et
138 2336 421 2428 inconstantissimo.
432 2337 557 2420 Quippe
577 2335 666 2398 huius
686 2339 775 2420 copia
795 2348 827 2400 et
846 2339 973 2402 varietas
993 2341 1083 2402 nullis
1103 2343 1217 2402 termi-

98 2443 184 2493 natur
201 2432 376 2506 limitibus,
397 2431 456 2494 nisi
476 2433 529 2514 qui
549 2431 589 2492 ab
602 2431 667 2514 ipsa
690 2443 796 2494 aratura
819 2455 943 2516 poeseos
963 2436 1121 2496 constituti
1135 2445 1216 2496 sunt.

97 2527 307 2612 Quaecumque
327 2528 410 2590 enirn
430 2527 588 2588 materiem
611 2529 756 2609 praebent
775 2529 950 2609 vulgaribus
976 2529 1131 2608 epistolis,
1159 2550 1216 2604 ea,

24 2664 25 2704 ,
92 2626 149 2686 nisi
166 2625 315 2706 poeticam
335 2625 555 2707 expositionem
578 2646 703 2706 prorsas
725 2635 867 2708 respuant
888 2625 1028 2709 cultaque
1050 2645 1216 2686 ornamen-

89 2720 124 2780 tis
142 2722 294 2784 nitescere
315 2729 492 2804 nequcant,
512 2719 718 2802 Epistolaruaa
742 2723 932 2804 poeticarum
946 2722 1089 2803 scriptori
1106 2730 1216 2804 patent.

18 2804 22 2907 J
86 2815 148 2876 llas
169 2817 279 2880 seduci
302 2837 409 2878 omues
430 2819 593 2876 commode
615 2827 744 2899 possunt
765 2816 804 2878 ad
832 2826 894 2876 tres
926 2817 1117 2900 potissimum
1141 2839 1215 2900 spe-

86 2911 162 2984 cias;
183 2933 322 2996 quarum
343 2933 402 2974 uns
426 2921 471 2974 est
490 2913 696 2996 Epistularum
718 2911 958 2987 didacticarum,
986 2913 1081 2975 altera
1103 2914 1217 2998 elegia-

83 3027 209 3087 oarum,
229 3010 323 3074 tertia
345 3006 537 3074 iocularIum·
570 3009 618 3072 sd
639 3009 721 3070 illam
742 3009 962 3072 didactioarurn
982 3009 1115 3092 speciem
1137 3031 1216 3092 per-

113 3199 157 3264 (t)
173 3201 233 3252 loro
248 3194 387 3250 asotiriois
399 3194 627 3266 nostratibus,qui
680 3192 777 3246 nedum
799 3211 907 3246 aeramen
928 3196 1117 3248 recentiorum,
1129 3195 1212 3247 inter·

79 3283 214 3336 Romanos
229 3280 326 3352 passim
340 3279 420 3334 secuti
434 3290 506 3346 arsut,
520 3279 627 3350 quique,
679 3283 796 3344 pratum,
814 3277 859 3344 qul
876 3293 949 3342 saepe
963 3284 1048 3325 tamen
1063 3273 1119 3344 plus
1137 3273 1214 3326 vide-

6 3381 8 3424 l
79 3385 160 3434 qurum
180 3365 215 3419 de
235 3366 313 3418 rebus
326 3363 467 3438 loquaptur
477 3364 629 3433 quotidiano
679 3369 741 3411 runt
751 3377 830 3426 qisam
844 3367 951 3422 veteres,
967 3357 1068 3426 penitus
1081 3357 1217 3427 praeteria·
1323 3397 1327 3406 .

6 3437 7 3447 ¹
81 3467 130 3500 usu
150 3449 241 3514 tritis,
261 3447 388 3501 faciliores
405 3447 537 3500 intellectu
555 3447 629 3499 nobis
680 3443 720 3496 rit.
746 3443 837 3512 Quid?
862 3443 931 3512 quod
950 3443 976 3494 in
1001 3441 1133 3496 nonnullis
1154 3442 1216 3496 lucis

7 3537 10 3603 l
80 3529 630 3599 sintnecesseest,conicclurapossumus
681 3527 738 3598 pius
762 3547 852 3592 sensu,
877 3547 928 3578 nun
954 3527 998 3579 ilio
1024 3529 1133 3598 quidem
1156 3528 1216 3580 satis

9 3615 10 3640 ³
82 3615 205 3686 assequi,
220 3633 303 3685 qnam
320 3613 401 3668 multa
418 3615 444 3666 in
457 3615 564 3666 lloratio
578 3633 630 3666 non
682 3611 820 3681 auplicem,
839 3613 969 3680 percipere
984 3613 1058 3664 nobis
1079 3611 1215 3675 ridemur,

8 3643 14 3839 i
83 3699 392 3764 solum,resnnretianr
412 3698 440 3750 in
461 3695 568 3768 reliquis
589 3717 630 3751 oc·
682 3715 761 3765 quam
795 3695 879 3748 scrisis
913 3694 1041 3747 ‹lcclarure
1069 3711 1217 3763 possumus·

12 3846 15 3863 ‚
83 3783 206 3851 corrant,
219 3803 302 3854 quae,
316 3786 366 3838 etsi
378 3783 497 3838 animum
510 3795 627 3838 nostruin
682 3780 784 3850 Quibus
804 3788 890 3831 tantan
910 3780 987 3830 rebus
1011 3775 1177 3850 indagandis,
1194 3775 1217 3830 si

12 3908 16 3935 ,
83 3865 111 3919 in
125 3868 231 3922 utillum
251 3879 353 3940 partem
368 3887 438 3921 nunc
454 3867 562 3938 quidem
575 3885 629 3920 ruo·
679 3867 707 3918 in
719 3863 830 3934 antiquis
840 3862 1009 3916 monimentis
1023 3861 1087 3912 nihil
1100 3865 1149 3924 sit,
1165 3881 1217 3932 quo

13 3944 16 4008 i
85 3966 182 4017 resut,
199 3954 228 4006 in
244 3952 407 4024 popularium
422 3963 521 4006 mentes
535 3971 629 4022 magno
681 3950 785 4016 nitaris,
796 3969 848 4002 nou
856 3966 1011 4018 magnopere
1021 3945 1217 4018 'indulgendum

14 4019 16 4104 i
84 4035 109 4088 si
123 4037 248 4107 egerint,
260 4034 388 4106 siquidem
410 4037 436 4086 in
452 4033 513 4106 ipsis
527 4034 628 4096 vorbis,
680 4054 786 4098 censeo,
801 4053 833 4086 ne
852 4033 878 4084 in
893 4032 1049 4101 ineptiarum
1067 4042 1092 4083 et
1104 4031 1217 4086 somnio-

84 4139 149 4190 quae
163 4119 344 4192 adhibentur,
365 4119 393 4171 in
415 4138 506 4173 eorum
524 4125 590 4172 ssesu
604 4127 629 4170 ct
680 4139 740 4175 rum
754 4137 888 4187 campum,
909 4117 935 4167 iu
954 4134 1046 4167 omnes
1063 4126 1145 4185 partes
1167 4115 1216 4171 late

15 4172 17 4212 l
84 4204 263 4258 collocatione
277 4202 364 4274 aliqua
379 4205 418 4257 uis
435 4204 515 4258 latere
536 4205 630 4277 possit,
681 4214 827 4276 patentem,
845 4200 992 4272 phantasiae
1015 4201 1114 4271 impetu
1131 4201 1214 4254 dedar-

15 4217 19 4405 ι
86 4309 166 4363 quae,
197 4307 284 4361 quum
301 4309 407 4354 rerum,
431 4291 463 4344 ad
484 4311 547 4362 quas
565 4303 630 4345 tecte
681 4285 837 4352 caris,uude
852 4281 1059 4337 exitusbaudest
1074 4283 1215 4338 lessellis

18 4412 19 4418 ,
86 4374 200 4430 illusum
215 4375 264 4442 sit,
278 4374 365 4444 ignari
377 4375 489 4440 suerint,
508 4375 549 4430 vel
561 4387 630 4430 veto·
680 4371 782 4444 Koenig
794 4370 825 4424 de
839 4371 894 4424 Sat.
903 4373 979 4423 Rom.
992 4389 1017 4439 p.
1032 4375 1074 4426 95.

17 4429 22 4557 ἱ
85 4473 146 4512 rum
177 4457 416 4531 grammaticorum
450 4460 630 4532 sagacitatem,

190 4554 273 4628 Ivv.
293 4551 323 4632 1.
1094 4547 1116 4622 5
