3120 5494
556 439 706 496 serina
727 433 807 498 'tm
1153 408 1242 536 39i

135 637 203 710 Est
216 631 286 707 tibi
302 631 363 708 lar
376 629 574 724 modicum,
585 661 724 738 purum
738 652 777 715 et
787 639 867 712 sine
880 635 966 712 labe
980 637 1139 716 salinum
1159 665 1166 676 ·
1219 677 1250 726 m

136 748 263 852 (Quid
283 748 471 849 metuasi)
492 748 706 854 cultrixque
724 751 801 828 foci
819 779 950 828 secura
969 753 1121 858 patella.

134 867 216 940 Hoc
233 865 349 939 satis?
365 891 414 938 an
429 863 561 940 deceat
578 866 800 970 pulmonem
818 893 997 972 rumpere
1018 872 1158 961 ventis,

133 980 333 1054 Stemmate
353 979 460 1082 quod
478 982 603 1056 Tusco
619 1009 762 1055 remum
782 981 975 1058 millesime
993 983 1130 1060 ducis?

134 1099 386 1172 Censoremne
403 1115 509 1171 tuum
530 1095 590 1174 vel
609 1097 714 1202 quod
734 1097 901 1176 trabeate
918 1099 1087 1202 salutas?

134 1297 201 1366 spud
215 1298 289 1368 Virg.
304 1299 401 1368 Georg.
413 1299 458 1361 ΠΙ,
475 1305 533 1351 stt.
546 1299 668 1354 obcurrit.
720 1301 793 1356 viras
808 1305 926 1371 Deosque
939 1301 1171 1374 propitiosreddss.

169 1388 278 1436 24-30.
298 1381 350 1435 Sed
365 1399 491 1454 quaeras,
511 1383 594 1455 pergit
608 1391 668 1437 mo*-
754 1391 797 1440 27.
817 1387 875 1439 Hoc
886 1390 966 1440 setis?
984 1385 1057 1442 Nihil
1074 1387 1186 1460 amplius
1207 1405 1249 1441 re·

135 1466 216 1518 nitor:
234 1465 298 1535 quid
318 1485 381 1536 opus
398 1467 430 1519 sit
453 1467 482 1520 in
506 1467 670 1522 addiscendis
719 1470 829 1539 quiritur
841 1471 874 1523 sd
889 1467 953 1524 bene
967 1471 1090 1542 beateque
1109 1469 1253 1526 vivendum

44 1604 55 1625 υ
135 1549 218 1603 literis
240 1560 266 1602 et
286 1552 383 1604 artibus
398 1561 499 1604 tantum
517 1550 610 1605 laboris
626 1569 669 1604 su·
721 1573 798 1623 quam
810 1573 871 1626 opes
882 1557 975 1610 hebere
987 1567 1013 1610 et
1024 1558 1055 1610 ad
1069 1559 1149 1612 vitam
1159 1557 1254 1628 degen-

135 1651 224 1697 mere,
250 1653 332 1705 quum
361 1634 469 1698 babeas,
497 1634 566 1687 unde
595 1637 669 1688 vivas
722 1639 782 1690 dam
796 1649 822 1692 et
840 1639 872 1692 sd
889 1643 958 1694 Deos
980 1639 1137 1710 placendos?
1150 1643 1249 1713 ρώπο-

137 1719 256 1786 Deosque
286 1717 453 1770 sacrificando
479 1719 581 1788 plaees‚·
598 1718 670 1786 auid
721 1741 778 1776 nem
803 1731 913 1797 mmpere
936 1733 1015 1780 veritis
1042 1745 1104 1798 pro:
1135 1727 1253 1782 totamm

138 1817 204 1870 opus
220 1803 252 1852 sit
268 1801 373 1871 ingenio
389 1801 570 1866 inclarescere,
587 1817 670 1873 quum
722 1827 793 1874 esse,
811 1810 880 1863 ultrn
894 1811 1003 1864 modum
1016 1812 1153 1883 superbire.

137 1886 267 1938 maiorum
280 1896 387 1938 tuorum
407 1881 532 1958 splendor
548 1897 573 1941 te
587 1889 672 1940 salisa

137 1969 212 2040 plebe
223 1971 371 2041 distingunt.
384 1971 512 2025 Nobilitas
521 1985 607 2026 autem
621 1971 672 2041 ple·

137 2055 198 2107 bem
228 2065 328 2108 tantum
364 2053 474 2126 decipit,
508 2074 557 2108 nec
583 2069 671 2108 veram

136 2138 292 2209 dignitatem
304 2137 406 2192 homini
420 2137 545 2192 conciliat.

172 2227 214 2276 25.
231 2223 284 2294 sur
304 2223 429 2274 modicum
447 2221 474 2275 b.
492 2221 509 2274 l.
528 2239 589 2291 opes
604 2221 672 2274 baud

139 2307 356 2361 contemnendae.
382 2313 435 2360 sins
456 2309 511 2359 lube
528 2307 561 2360 de
582 2307 674 2378 opibus

140 2391 220 2463 vulgo
231 2391 518 2461 interpretanturnullis
528 2389 603 2444 malis
615 2393 674 2444 arti·

138 2475 189 2528 bus
219 2475 348 2544 quaesitis.
379 2478 459 2546 Saepe
489 2475 516 2527 id
540 2481 592 2528 siue
618 2476 674 2528 lube

140 2567 257 2622 vocatur,
269 2557 339 2627 quod
349 2557 429 2610 nullis
442 2558 585 2612 actionibus
597 2560 674 2611 malis

138 2649 164 2692 et
181 2637 297 2708 turpibus
315 2638 446 2710 pollutum
466 2650 492 2692 et
510 2640 670 2693 contamina-

138 2734 198 2776 tum
216 2733 272 2776 est:
298 2743 390 2777 verum
411 2724 439 2776 h.
459 2722 477 2778 l.
499 2723 587 2794 simpl.
609 2722 674 2776 milri

138 2809 255 2880 positum
270 2809 375 2862 ridetur
393 2827 440 2879 pro
465 2809 625 2880 integro,et
641 2809 674 2861 ad
726 2785 844 2844 “mim
871 2782 931 2826 ωε
952 2772 1091 2826 R⁰m⁰l⁰m
1113 2771 1259 2842 Uimque

139 2891 302 2945 modicarum
316 2891 467 2946 divitiarum
483 2888 675 2962 munditiaeque
725 2852 855 2954 f⁰⁰dii⁸¹²¹
869 2853 1021 2951 ⁸d⁸i⁰⁸⁸¹⁸2
1034 2853 1158 2906 cmm
1169 2853 1258 2906 (Μὴ

725 2959 754 2994 ru
766 2955 848 2992 nutus
865 2938 898 2990 de
911 2937 1037 2991 industria
1048 2935 1114 2991 elata
1130 2946 1199 2990 sunt.

139 2977 267 3047 picturam
281 2977 418 3046 pertinere.

174 3065 215 3112 26.
231 3079 315 3112 secreta
327 3061 423 3130 patella
435 3077 467 3112 eo
480 3061 604 3130 pertinet,
625 3077 675 3129 quo
756 3061 798 3112 29.
816 3055 978 3112 Censoremue
990 3067 1056 3108 traam
1072 3057 1110 3106 vel
1121 3054 1187 3126 quod
1203 3065 1256 3105 tru-

140 3142 286 3212 superiora‚
314 3153 341 3196 et
368 3141 525 3214 intelligitur
551 3161 597 3197 aas
624 3161 677 3214 quo
726 3143 797 3194 teau
824 3142 933 3205 sumtus,
957 3149 1054 3211 spectat
1080 3137 1112 3191 ad
1142 3138 1260 3210 equitum

141 3227 198 3281 Diis
207 3226 310 3280 libatur.
323 3225 422 3281 Tibull.
441 3230 461 3293 l,
477 3231 516 3292 40,
528 3233 570 3282 48.
583 3228 676 3282 cultrix
726 3227 943 3278 transvectionem
963 3237 1051 3276 eoram
1078 3239 1183 3276 censore
1200 3237 1261 3273 cum

132 3307 205 3382 soei,
219 3327 270 3380 quo
280 3308 378 3363 laribus
394 3320 420 3363 et
432 3310 567 3380 penatibus
576 3309 678 3364 libatur.
726 3309 871 3382 insignibus
904 3311 982 3363 liuius
1014 3308 1113 3362 ordinis
1145 3307 1258 3371 annulo,

140 3414 238 3460 ma,
257 3393 387 3464 nunquia
412 3413 454 3448 res
467 3405 582 3448 tenuess
603 3395 678 3448 furtis
727 3395 831 3462 trebes,
856 3413 939 3464 equo,
962 3391 1082 3464 phaleris.
1114 3395 1257 3445 Huncmo·

141 3487 169 3531 et
190 3477 290 3532 insidiis
309 3477 448 3531 bominum
473 3487 499 3530 et
524 3478 556 3530 ab
579 3479 678 3534 invidis
729 3497 785 3531 rem
799 3477 844 3530 diu
857 3479 1033 3530 intermissum
1047 3475 1158 3528 restituit
1170 3477 1258 3546 Augu·

142 3574 213 3620 tutae
227 3571 304 3628 sunt,
317 3572 344 3614 ut
357 3565 476 3614 Lucanus
488 3564 543 3629 (V,
554 3567 600 3616 527
612 3567 677 3633 seq.)
727 3573 789 3616 stus.
804 3565 911 3616 sueton.
930 3563 997 3632 Aug.
1011 3567 1054 3615 38.
1065 3563 1175 3614 Sensus:
1190 3561 1272 3638 quodx

141 3647 287 3720 praedicat,
307 3649 353 3702 sed
370 3649 431 3717 quia
450 3647 517 3701 nihil
537 3657 592 3711 est,
606 3650 678 3720 quod
727 3647 820 3700 ordine
846 3647 959 3718 equestri
987 3645 1088 3717 gaudes.
1118 3647 1158 3696 De
1183 3644 1263 3695 fastus

142 3733 233 3786 alliis
250 3729 340 3798 iratis,
356 3749 420 3800 quos
441 3731 555 3802 quotidie
573 3730 675 3784 libatio·
728 3750 839 3804 genere,
868 3731 936 3801 quod
961 3733 1091 3784 maiorum
1116 3731 1210 3783 virtute
1237 3739 1263 3781 et

142 3817 221 3870 nibus
233 3815 333 3888 places,
359 3817 456 3870 timeas.
481 3815 598 3870 Omnino
612 3815 678 3869 mibi
727 3815 840 3869 claritate
870 3815 979 3874 nititur,
1010 3811 1138 3884 praeclare
1163 3813 1263 3864 Seneca

143 3898 248 3952 videtin
261 3900 354 3952 Noster
364 3899 392 3951 in
406 3899 514 3953 modicis
528 3899 618 3968 opibus
632 3899 676 3951 de·
728 3898 810 3968 Epist.
824 3904 866 3950 st.
883 3896 1008 3967 loquitur:
1032 3893 1095 3950 Non
1104 3897 1176 3968 sared
1189 3889 1260 3946 reodi-

143 3981 286 4036 scribendis
298 3999 352 4035 non
370 3993 424 4036 tarn
441 3982 473 4034 ad
486 3983 553 4036 vitae
565 3982 674 4036 necessi—
727 3987 777 4037 lem
795 3989 885 4037 atrium
899 3984 998 4054 plenum
1009 3982 1120 4055 sermonis
1139 3982 1260 4048 imagini·

144 4077 211 4123 tates
231 4068 293 4122 inde
325 4067 502 4122 sustentandus
524 4069 678 4140 respexisse,
729 4067 779 4118 bus.
799 4063 884 4119 Nemo
895 4069 922 4116 in
935 4077 1045 4116 nostrum
1061 4063 1261 4132 glorimuririt,

144 4171 223 4224 qinom
240 4153 273 4207 ad
290 4154 406 4208 Deorum
424 4153 487 4208 inde
498 4153 680 4224 placandonun
729 4169 788 4214 rice,
801 4151 868 4222 qraod
885 4162 942 4201 urite
958 4167 1004 4200 nus
1012 4147 1084 4220 sut't,
1099 4159 1206 4198 nomm
1220 4155 1272 4204 est.¹

142 4237 312 4305 «facultatem,
338 4239 444 4310 eiusque
472 4241 510 4292 rei
543 4240 625 4312 gratia
654 4247 681 4292 et
730 4237 839 4290 Alcimus
857 4236 924 4306 facit
948 4233 1073 4296 nobilem,
1098 4234 1137 4282 citi
1154 4249 1185 4282 ex
1198 4249 1260 4300 qua·

138 4323 226 4393 farris
250 4333 282 4376 et
298 4323 374 4376 saltu
397 4325 559 4376 mentionem
582 4323 679 4376 iecisse.
731 4313 1196 4389 mmqueeonditionenrprafhrtmwn
1206 4311 1264 4363 lieet
1331 4349 1333 4356 .

149 4403 219 4472 Quid
235 4417 328 4494 metuas
346 4423 380 4458 sc.
407 4423 488 4472 quum
508 4403 600 4457 babeas
614 4404 682 4458 unde
732 4419 836 4473 uergere.

757 1945 798 1992 28.
813 1939 947 1996 &eminete
963 1944 1032 2014 quod
1051 1943 1133 1996 Tusco
1158 1961 1254 1996 ramum

722 2023 853 2076 millesime
883 2024 982 2076 ducis?
1010 2025 1158 2090 (utilissime
1190 2042 1254 2094 pros

725 2103 889 2160 millesimus.
903 2106 990 2159 Valet.
1004 2105 1086 2158 Flaec.
1101 2110 1122 2170 l,
1131 2111 1179 2160 ³92
1189 2109 1256 2176 seq.)
1308 2145 1310 2151 ι

724 2186 742 2240 i.
756 2205 779 2238 e.
793 2185 862 2254 quod
873 2184 946 2239 ducis
957 2183 1127 2237 millesimum
1138 2202 1256 2252 ramum3

725 2267 894 2322 millesimam
930 2268 1098 2322 subcessionis
1137 2265 1255 2336 lineam5

723 2352 792 2422 quod
812 2350 966 2404 millesimus
986 2371 1013 2404 es
1042 2351 1076 2404 ab
1095 2351 1181 2422 gentis
1199 2363 1256 2406 tuse

724 2445 835 2488 auctore.
869 2449 996 2488 stenmrate
1026 2434 1116 2488 Tusco.
1146 2436 1258 2487 Summa

725 2519 844 2574 nobilitas
861 2539 892 2572 eo
905 2519 1041 2574 indicetur.
1060 2521 1171 2574 Sensuss
1185 2519 1256 2594 quod

724 2603 756 2658 ab
775 2603 887 2674 antiquis
906 2604 1036 2656 Hetruscis
1061 2621 1144 2674 genus
1169 2603 1258 2664 ducis.

724 2700 750 2742 et
763 2699 835 2758 potes
848 2706 957 2742 avorum
978 2697 1004 2740 et
1017 2706 1171 2758 proavorum
1188 2689 1255 2740 serie
