3098 5498
355 395 445 514 146

814 409 1037 482 ttvtrtttts

345 631 470 704 Prima
488 629 578 704 mihi
596 625 710 702 debes
730 626 843 701 animi
861 624 973 700 bona.
1000 622 1158 698 Sanctus
1175 625 1308 702 haberi

344 745 588 848 Iustitiaeque
606 760 718 818 tenax
736 739 843 816 facus
864 739 1051 842 dictisque
1070 742 1254 816 mereris?
1435 779 1468 830 25

344 861 517 961 Agnosco
535 884 743 963 procerem.
771 854 900 946 Salve,
921 851 1137 946 Gaetulice,
1154 881 1220 931 seu
1240 873 1284 931 tu

344 973 516 1066 Silanus,
536 999 778 1078 quocumque
799 970 873 1047 alio
892 970 940 1046 de
960 972 1166 1073 sanguine!
1189 979 1317 1070 rarus,

344 1091 440 1167 Civis
460 1105 499 1164 et
517 1091 688 1192 egregius
708 1091 852 1193 patriae
870 1088 1056 1189 contingis
1073 1090 1213 1165 ovanti.

343 1203 563 1281 Exclamare
583 1203 697 1291 libet,
719 1203 883 1310 populus
902 1202 1008 1305 quod
1027 1201 1184 1294 clamat,
1199 1205 1297 1278 Osiri

342 1317 516 1396 Invento.
544 1321 634 1416 Quis
654 1321 754 1394 euim
772 1344 996 1422 generosum
1015 1318 1154 1420 dixerit
1173 1319 1300 1410 hunc,
1322 1322 1388 1420 qui
1424 1333 1467 1407 ut

342 1432 524 1538 Indignus
539 1460 700 1537 genere,
716 1451 756 1508 et
774 1431 973 1538 praeclaro
990 1436 1142 1510 nomine
1160 1449 1306 1508 tantum

343 1549 534 1652 Insignis?
552 1552 700 1624 Nanum
719 1539 911 1626 cuiusdam
930 1548 1080 1622 Atlanta
1099 1576 1294 1641 vocamus,

343 1665 566 1770 Aethiopem
586 1691 772 1770 cycnum,
791 1693 943 1771 pravam
961 1683 1220 1768 extortamque
1237 1664 1398 1771 puellam

341 1783 546 1886 Europen:
566 1783 722 1858 canibus
740 1784 856 1886 pigris
876 1781 1076 1885 scabicque
1094 1799 1240 1858 vetusta

343 1900 506 1974 Levibus
526 1915 564 1974 et
582 1902 701 1974 siccae
717 1898 968 1974 lambentibus
989 1924 1055 1973 ora
1074 1897 1254 1975 lucernae
1424 1939 1458 1986 35

341 2015 489 2090 Nomen
508 2017 580 2090 erit
596 2014 759 2120 pardus,
777 2017 905 2117 tigris,
922 2014 1000 2108 leo,
1021 2017 1051 2090 si
1070 2017 1164 2119 quid
1183 2017 1307 2092 adhuc
1326 2033 1401 2108 est,

343 2131 456 2225 Quod
473 2131 611 2206 fremat
630 2135 670 2204 in
695 2135 805 2206 terris
824 2131 1037 2210 violentius.
1063 2135 1165 2236 Ergo
1185 2134 1333 2209 cavebis

341 2245 392 2319 Et
418 2263 581 2342 metues,
601 2273 650 2320 ne
670 2263 711 2320 tu
731 2249 779 2321 sis
797 2247 963 2323 Creticus
984 2265 1049 2322 aut
1066 2251 1295 2323 Camerinus.

392 2360 457 2434 His
477 2387 547 2464 ego
559 2387 672 2463 quern
684 2365 839 2439 monui?
859 2381 981 2440 tecum
993 2381 1047 2440 est
1059 2367 1292 2454 mihiserm0,
1307 2363 1459 2439 Rubelli

341 2474 495 2552 Blande.
515 2480 652 2554 Tumes
671 2477 747 2556 alto
767 2484 976 2558 Drusorum
996 2499 1201 2572 stemmate,
1220 2498 1413 2584 tamquam
1428 2519 1460 2566 40
1541 2503 1542 2506 ’

376 2684 416 2734 24.
436 2679 526 2732 Prima
550 2681 594 2734 tibi
617 2681 690 2734 debes
713 2684 792 2735 minu
814 2683 878 2736 bona

340 2759 410 2827 conj.
424 2763 456 2812 Η.
475 2761 559 2814 Veles.
579 2771 609 2814 nt
627 2765 702 2831 po'e'ta
720 2762 776 2815 sinc
792 2764 875 2815 inter·

339 2845 461 2912 ruptione
476 2841 606 2912 loquetur,
626 2862 680 2902 nou
695 2863 758 2898 vero
773 2864 796 2900 v.
811 2850 878 2898 21-

339 2929 381 2978 28.
402 2927 493 2980 Virtus
511 2925 618 2997 loquens
636 2926 785 2992 inducatur,
803 2939 829 2982 et
848 2949 875 2983 v.

339 3011 384 3062 29.
400 3025 453 3077 seq.
466 3011 542 3078 putta
554 3027 602 3062 suo
617 3009 731 3066 nornine.

374 3094 417 3143 26.
429 3089 539 3142 Getulice
557 3089 637 3162 vulgo
657 3091 727 3144 male
744 3094 875 3150 scribitur.

338 3173 406 3227 Nam
427 3173 562 3228 Γαιτοῦλοι
588 3174 721 3240 dicuntur,
748 3177 876 3246 aquibus

340 3255 449 3310 devictis
465 3276 611 3329 cognomen
625 3259 721 3329 accepit
738 3261 874 3314 Lentulus.

372 3345 415 3394 27.
429 3359 619 3410 qtrorurnvenon
627 3341 695 3396 male
701 3343 768 3411 conj.
782 3344 873 3400 Schra-

338 3420 392 3476 der.
402 3421 453 3475 Sed
467 3422 535 3476 md
553 3425 600 3487 tv,
614 3429 656 3477 63.

373 3512 417 3559 31.
434 3517 470 3558 ert
487 3520 570 3575 proct
587 3511 627 3561 60.
642 3511 685 3560 66.

373 3595 416 3644 33.
427 3609 537 3661 cyprum
565 3597 604 3644 17.
628 3597 667 3646 18.
682 3599 723 3646 19.
739 3599 780 3647 60.
795 3611 822 3648 V.
838 3597 871 3650 sd

338 3673 386 3735 VI,
402 3681 594 3744 tob-pravum
610 3683 649 3730 16.
665 3683 705 3731 17.
720 3683 761 3732 20.
775 3684 817 3732 23.
830 3686 872 3734 33.

372 3761 414 3808 ar.
431 3755 563 3826 Europam
576 3761 616 3809 ro.
631 3763 672 3812 ⁴⁵.
686 3764 725 3812 re.
745 3759 872 3830 Euam

336 3845 379 3893 18.
399 3845 439 3898 19,
454 3845 495 3892 20.

371 3927 412 3974 35.
432 3923 552 3986 Lentim,
578 3941 633 3976 non
658 3924 799 3990 Lcevibus,
829 3932 871 3981 60.

336 4007 378 4056 61.
393 4007 482 4057 Recte.
499 4023 525 4057 v.
539 4003 571 4058 ad
589 4009 629 4070 II,
644 4012 685 4060 12.

372 4093 414 4138 36.
432 4091 523 4157 tigris,
539 4089 647 4158 ρινᾶιιι,
665 4089 705 4142 lca
723 4096 813 4146 2556.
828 4098 868 4148 57.

337 4173 378 4220 59.
400 4173 442 4222 60.
458 4177 498 4222 61.
520 4176 561 4224 65.
588 4172 716 4242 suspicari
733 4174 826 4243 possis,
845 4189 870 4228 et

336 4260 394 4320 post
413 4251 454 4304 leo
471 4253 638 4306 inserendum
662 4273 716 4308 esse
733 4275 764 4308 ex
786 4263 817 4310 22
844 4269 870 4311 et

336 4339 377 4382 45.
391 4331 431 4383 vul
444 4355 484 4386 reu
498 4355 545 4405 pro
556 4339 578 4388 si
586 4337 634 4406 leg.
645 4357 703 4392 rum
715 4340 867 4397 Schradero.

255 4409 260 4419 ¹
334 4413 410 4468 Cant
424 4425 509 4470 tamen
522 4419 612 4483 cdlv,
625 4427 666 4474 61.

961 2689 1002 2736 37.
1015 2681 1102 2753 frema
1123 2689 1163 2735 ιι.
1183 2689 1221 2736 17.
1242 2688 1285 2736 20.
1299 2687 1342 2736 2⁴.
1356 2687 1400 2736 2⁵.
1419 2687 1461 2737 ar.

927 2771 1035 2820 tu-tt.
1054 2772 1094 2820 50.
1117 2771 1352 2821 51-69.71-71.
1371 2775 1416 2822 77.
1433 2775 1458 2820 et

927 2849 1005 2904 multi
1018 2849 1095 2903 codd.
1109 2849 1262 2904 taric-tn
1277 2863 1344 2902 terra
1358 2859 1402 2906 17.

961 2939 1003 2987 38.
1017 2947 1110 2986 metum
1130 2939 1169 2989 18.
1187 2939 1230 2988 27.
1248 2941 1291 2988 47.
1309 2939 1352 2988 48.
1377 2939 1420 2988 58.
1433 2964 1462 2978 -

926 3020 995 3070 neris
1007 3029 1033 3068 tu
1042 3027 1050 3067 1
1059 3024 1068 3068 1
1077 3057 1083 3070 .
1091 3037 1122 3069 ue
1135 3030 1161 3068 tu
1172 3022 1208 3070 ric
1218 3017 1324 3085 (cedern
1331 3016 1464 3084 irrisione,

925 3099 1045 3156 similiter
1068 3119 1113 3170 per
1138 3101 1239 3170 usum)
1261 3100 1351 3154 velue
1371 3105 1412 3154 sic
1435 3115 1461 3154 tu

926 3183 983 3238 scil.
996 3185 1030 3236 sis
1042 3194 1087 3237 sut
1100 3183 1201 3250 diceris,
1214 3203 1266 3236 nou
1275 3183 1343 3238 male
1357 3185 1464 3238 emend.
1539 3197 1540 3236 1

926 3266 1023 3320 Iunius.
1037 3265 1105 3320 Illud
1123 3271 1202 3320 etism
1216 3267 1285 3337 conj.
1295 3267 1428 3322 Schrader
1440 3275 1464 3320 at

923 3350 1022 3418 recepit
1034 3351 1180 3402 Prat.·-·ac
1192 3350 1338 3406 Camerinan
1350 3349 1464 3403 malebat

925 3431 1063 3486 Schrader.

962 3524 1005 3571 39.
1019 3520 1071 3570 Hic
1084 3527 1207 3572 Ite-est
1220 3537 1274 3570 non
1286 3527 1368 3572 exstat
1380 3518 1412 3571 in
1424 3523 1464 3572 tt.
1538 3575 1539 3594 ,

959 3600 1116 3652 16711611
1142 3601 1292 3654 restituite
1315 3609 1339 3654 1.
1360 3606 1404 3654 10.
1426 3610 1463 3652 tt.
1538 3603 1539 3622 ³

925 3687 968 3734 ⁴2.
985 3673 1091 3735 rt-a't.
1110 3689 1150 3736 ne.
1173 3687 1215 3737 27.
1240 3689 1281 3736 aa.
1296 3689 1410 3736 tt-ta.
1425 3689 1467 3736 54.

922 3767 1015 3818 5570.
1032 3771 1139 3819 75-77,
1153 3774 1178 3817 et
1192 3763 1311 3834 plurimis
1323 3765 1407 3822 MSS.
1416 3767 1464 3818 Pe·

920 3845 965 3898 ris.
983 3847 1080 3899 Bluuce
1103 3853 1145 3901 58.
1168 3847 1268 3900 Ρὶωιιε
1291 3853 1335 3902 25.
1356 3855 1399 3902 60.
1423 3855 1462 3904 tt·

920 3935 963 3983 57.
978 3937 1086 3986 59-69.
1100 3941 1208 3991 71-74,
1223 3933 1315 3985 Plasta
1324 3950 1463 4001 reposuere

920 4014 1022 4083 Grang.
1044 4021 1070 4066 et
1086 4017 1201 4068 Hennin.
1223 4035 1255 4070 ex
1269 4016 1374 4068 emend.
1390 4016 1460 4086 Lips.

922 4095 953 4148 ad
979 4097 1062 4152 Tacit.
1083 4100 1156 4154 Anu.
1178 4102 1248 4166 XIII,
1267 4107 1309 4154 19.
1327 4099 1373 4154 ubi
1391 4103 1461 4154 conl.

921 4177 1054 4248 Ryckius,
1073 4181 1118 4250 qui
1134 4200 1192 4236 eam
1210 4182 1363 4236 indubium
1379 4202 1457 4236 voca-

924 4265 970 4316 vit.
992 4267 1022 4316 In
1044 4263 1106 4320 locis
1126 4275 1215 4320 tamen
1229 4268 1326 4334 Taciti,
1346 4287 1417 4337 quos
1433 4271 1458 4320 iu

920 4349 1024 4399 Cumrn.
1044 4345 1164 4414 laudavi,
1190 4349 1248 4404 libri
1275 4362 1379 4404 uotum
1408 4370 1459 4404 unu

918 4447 1011 4482 nurnes
1034 4431 1100 4502 patri
1119 4431 1182 4488 dunt
1207 4435 1306 4488 Blandi
1312 4473 1323 4500 ,
1351 4444 1380 4488 et
1404 4433 1456 4492 tib·
