3046 5498
517 437 760 512 entsrtt’to
1181 438 1211 516 Ϋ

28 597 32 682 ι

95 639 329 732 alteratam
360 671 565 727 censuram
583 649 669 758 quis
692 663 885 757 exspectet
912 641 961 728 ab
992 647 1212 733 hominibus

107 769 271 851 flneckio
290 765 516 844 similibus?
546 771 615 874 qui
634 765 877 864 adolescens,
896 771 966 848 etsi
985 771 1067 848 sine
1096 773 1155 850 ira
1173 789 1214 851 et

112 887 192 970 edio
211 888 423 992 scripsisse
450 886 521 966 sibi
542 891 642 965 visus
662 903 738 982 est,
770 891 912 966 rustica
933 906 1060 968 tamen
1083 907 1123 969 et
1142 893 1213 968 Ar-

30 1003 255 1086 ἀιῖιιίιίιι
275 1023 352 1080 aut
370 1006 680 1112 Hipponactet
669 1033 710 1080 ιιι
741 1031 801 1082 me
821 1005 983 1085 subinde
1005 1009 1141 1088 effudit
1157 1008 1214 1087 di·

37 1138 40 1204 ι
110 1120 613 1228 neriainlibellosingulari,
603 1122 1215 1232 rnquononnullaquidemrecte,

32 1211 38 1358 i
99 1240 344 1333 mndrffiteor,
355 1259 397 1316 et
409 1267 545 1346 magno
556 1265 642 1316 cum
652 1243 814 1347 streprtu
827 1241 1028 1322 ruvenrhs
1016 1247 1217 1322 iactantiae

95 1359 452 1464 nihiexprobrarit,
471 1357 538 1435 aad
555 1357 805 1464 plerumque,
823 1359 890 1468 ubi
911 1390 971 1438 me
987 1363 1218 1444 insimulavit

28 1489 31 1526 ²
91 1473 553 1584 mepuarumvelrrdrcula
563 1491 602 1550 et
611 1474 870 1552 absurdaauhr
879 1477 1060 1558 excrdrsse
1071 1483 1219 1558 censuit

25 1606 27 1642 *
92 1599 158 1700 (its
171 1599 266 1671 enim
289 1591 451 1668 amabat
466 1591 576 1698 loqui
595 1609 633 1668 et
664 1593 705 1667 in
737 1619 785 1669 eo
804 1593 874 1670 sibi
901 1593 1124 1702 placebat),
1151 1597 1219 1676 illa

92 1715 284 1820 enpromsit
310 1715 403 1818 ipse
437 1727 476 1786 et
496 1707 648 1786 ridendi
667 1713 861 1789 materiam
889 1711 1079 1819 praebuit.
1115 1717 1219 1794 Haec

95 1859 172 1912 sera
188 1857 263 1908 esse
282 1829 443 1936 patebit
461 1855 508 1905 ex
540 1832 630 1905 Ver.
658 1827 746 1905 lect.
768 1847 806 1906 et
824 1831 1023 1928 Corum,
1009 1862 1051 1912 ιιι
1079 1835 1220 1942 quibus

99 1953 227 2040 amnia,
246 1967 328 2023 tam
356 1947 409 2022 ab
440 1975 486 2024 eo
519 1947 656 2052 (quem
675 1949 751 2022 iam
777 1963 865 2024 ante
893 1949 963 2028 hos
992 1969 1081 2030 octo
1099 1979 1220 2030 annos

99 2065 454 2144 santernam-esse
472 2091 578 2139 nune
592 2063 743 2139 demum
756 2067 910 2158 rescivi,
920 2085 1122 2175 postquam
1141 2070 1220 2147 edi.

104 2189 224 2262 tionem
237 2184 342 2258 hanc
355 2187 436 2258 iam
452 2184 686 2260 subieceram
696 2179 805 2288 prelo
817 2181 847 2283 ),
866 2213 982 2290 quam
995 2188 1043 2263 ab
1059 2187 1141 2267 aliis
1159 2187 1222 2268 vel

116 2301 266 2394 redsffd
285 2327 503 2407 perperam
522 2319 652 2378 notata
671 2303 845 2376 recensui
865 2319 904 2378 et
922 2305 966 2380 iis
986 2305 1223 2410 potissimum

130 2423 329 2511 emmas,
350 2421 447 2522 qui,
464 2448 585 2526 quum
604 2445 720 2498 novas
735 2421 807 2524 ipsi
826 2421 1104 2500 meditarentur
1120 2427 1224 2502 Iuve-

116 2541 201 2620 uair's
215 2539 412 2630 editiones,
427 2541 610 2615 acerrime
630 2541 671 2614 in
681 2565 740 2614 me
755 2541 894 2617 invecti
911 2539 1224 2636 sunt,nonnulln,

108 2659 169 2735 sed
186 2660 423 2752 immaniter,
452 2656 654 2764 respondi,
683 2683 827 2734 memor
854 2659 1058 2738 verborum
1085 2671 1223 2768 poetae

103 2779 180 2852 nei:
194 2781 354 2879 Semper
385 2803 454 2878 ego
480 2777 638 2852 auditor
661 2793 831 2865 tantum,
857 2803 1097 2880 nunquamne
1115 2805 1221 2880 nepo·

100 2902 202 2970 nam?
225 2894 386 2989 Quodsi
404 2921 496 2972 vero
514 2895 662 2998 saepius
687 2893 758 2999 ipsi
777 2891 832 2969 illi
850 2891 1038 2972 labuntur
1057 2913 1174 2998 atque
1201 2924 1224 2972 a
1269 2929 1275 2943 ι

103 3041 169 3090 sera
185 3013 404 3100 aberrant,
422 3015 489 3116 qui
511 3015 621 3087 unice
641 3011 682 3087 id
714 3030 833 3116 agunt
851 3040 923 3120 per
940 3015 1061 3088 otium
1085 3039 1130 3088 ac
1150 3031 1226 3090 stu·

108 3133 178 3209 dine
195 3149 236 3208 et
256 3131 435 3236 cupide,
453 3149 498 3207 ut
510 3130 634 3208 aliena
650 3131 839 3207 rimentur
857 3129 1115 3238 detegantque
1133 3157 1224 3238 pec·

106 3271 159 3326 eu
173 3267 213 3326 et
233 3252 363 3342 vitia3
384 3278 502 3354 quam
519 3250 725 3324 humanum
742 3251 961 3326 esterrare!
984 3253 1026 3326 in
1036 3266 1224 3355 tantopo·
1264 3341 1266 3346 ¹

98 3375 256 3448 tissimum
277 3395 412 3474 opere
440 3383 480 3443 et
499 3383 555 3442 tot
581 3363 863 3442 difficultatibus
880 3367 1084 3472 impedito!
1108 3395 1225 3474 quam

89 3518 261 3599 aequum,
283 3502 494 3601 errantem
513 3487 673 3562 comiter
690 3487 732 3560 in
750 3486 849 3560 viam
870 3482 1077 3564 reducere!

168 3723 304 3804 Scrib.
328 3717 478 3800 Stadae
497 3717 575 3799 cal.
594 3717 707 3800 Febr.
725 3717 769 3796 A,
788 3719 834 3800 R.
853 3717 892 3796 S.
917 3741 1144 3798 nummu.
