3028 5492
562 446 788 508 ravenaria
1015 416 1229 547 'cxxxiii
1276 493 1283 508 .

462 715 471 726 '
534 741 708 808 serrata
729 744 801 805 vrr.

8 967 10 1020 ξ
146 933 325 1000 mendicant
342 941 438 1007 artes,
462 935 505 998 sio
525 935 623 998 llonsa
642 936 742 1018 ansgis
762 955 861 1000 arara.
874 971 906 986 -
925 937 1047 1000 Artium
1074 937 1250 1022 neglecta·¹

7 1085 9 1108 fl
108 1049 178 1091 rum
205 1026 336 1112 quarela.
358 1067 391 1080 -
412 1026 460 1089 Da
480 1028 636 1090 sterilitate
665 1031 846 1092 studiorum·
867 1069 899 1084 -
920 1030 969 1094 De
988 1040 1149 1116 potorum
1170 1053 1232 1094 oa·-

40 1145 46 1160 ’
107 1124 304 1280 lbazptprtibns.
331 1167 364 1184 -.
392 1121 510 1187 Contra
544 1123 673 1202 divitae,
707 1126 760 1209 qui
786 1132 906 1208 ροόω·
923 1127 1100 1192 mendicare
1128 1129 1232 1212 petie-

16 1314 32 1495 l
432 1517 437 1528 ¹
528 1425 702 1490 stulttia
724 1425 810 1488 Vlll.

22 1644 28 1667 ¹
144 1622 296 1690 Nobilitas
326 1623 453 1707 propria
470 1631 515 1684 est
536 1623 652 1698 virtus,
673 1643 737 1686 non
758 1632 823 1687 sota
844 1631 1057 1707 paraotum.-
1077 1623 1233 1687 Adversus

111 1722 270 1782 lactatores.
292 1759 325 1770 -
346 1717 396 1780 Ad
429 1715 605 1780 Rubellium
634 1716 796 1780 Blandum.
809 1753 841 1768 -·
860 1717 977 1780 Contra
991 1727 994 1734 '
1009 1717 1100 1794 illos,
1117 1719 1172 1802 qui
1191 1741 1225 1781 so

23 1880 30 1911 ι
113 1812 360 1896 degenerosituta
379 1815 505 1874 suorum
525 1811 648 1876 iactant
668 1851 702 1866 -
722 1811 771 1877 Do
791 1813 931 1878 olsrituto
950 1813 1113 1878 natalium.
1132 1845 1165 1855 —
1180 1813 1228 1877 Du

24 1988 27 1999 Ι
114 1909 246 1974 ilintate
267 1906 421 1972 nobilium
441 1908 582 1971 nasutio
601 1907 642 1970 at
663 1907 833 1972 Ponticum.
936 1901 938 1908 ’

549 2119 722 2182 stultit
741 2119 798 2186 ΙΧ.

146 2313 263 2397 Turpia
290 2313 344 2396 qni
377 2311 527 2390 tolerant,
558 2333 641 2375 nona
661 2321 832 2396 carpantur
853 2312 963 2394 iniqui.
982 2350 1017 2364 -
1036 2309 1227 2373 Concubitus

111 2406 169 2470 sliri
198 2415 230 2470 et
258 2405 449 2470 Sodomitioa
482 2405 596 2490 probra
627 2416 789 2470 notantur.
815 2449 849 2462 -
879 2405 1016 2468 Cinaedi.
1043 2403 1232 2484 ..Querela

112 2501 237 2566 Nassoli
266 2501 306 2564 da
332 2523 369 2566 ra
395 2501 558 2585 impudica.
581 2540 611 2552 —
632 2501 671 2563 ln
699 2501 847 2584 pstbioos.
867 2533 902 2548 ·-
928 2499 977 2562 Ad
1006 2499 1184 2562 Naevolnm.

113 2595 159 2658 Asi
194 2595 399 2662 rtaevotoa-
417 2596 570 2680 loquitor
596 2595 635 2658 asl
663 2597 830 2679 parasitum
860 2591 1042 2680 quemdum,
1068 2593 1122 2678 qui
1141 2591 1234 2656 sarsit

113 2689 248 2774 regibus.
661 2700 664 2706 '

549 2899 723 2966 strutus
742 2901 783 2963 X.

149 3099 259 3182 llrgait
277 3098 353 3160 bauo
370 3105 483 3160 omres
501 3096 666 3160 bominum
685 3117 774 3160 onras
789 3105 819 3160 et
833 3097 935 3159 inania
950 3105 1018 3160 sota
1032 3099 1107 3174 (Sic
1118 3103 1233 3164 eontra'

116 3203 244 3256 metrum
263 3193 298 3253 in
318 3191 409 3258 codd.
428 3191 587 3254 nonnullis
606 3191 738 3274 legitor,
752 3191 834 3254 unda
848 3191 1117 3256 Soburnlleiaohiua
1130 3215 1233 3256 emen·

116 3287 225 3362 (labat,
252 3287 367 3368 Arguit
395 3286 470 3347 baec
497 3285 604 3366 fatuas
630 3307 723 3348 eurus
744 3295 801 3348 oet.
822 3286 943 3369 Lipsius
962 3296 1063 3350 autem
1083 3288 1115 3348 in
1136 3289 1230 3370 Epist.

117 3384 235 3462 Quaeat.
254 3382 323 3458 tv,
346 3381 391 3445 15.
412 3381 524 3461 Argoit
544 3383 618 3444 bueo
638 3384 794 3443 bominum
813 3389 907 3444 eurus
932 3392 990 3444 oet.
1017 3391 1138 3445 extrusa
1159 3405 1235 3446 roos
1261 3455 1267 3470 ι

117 3489 257 3550 saturas,
291 3484 322 3537 et
354 3475 429 3538 haee
456 3477 548 3539 leotio
579 3477 734 3558 reperitur
753 3477 786 3537 iu
807 3475 876 3538 eod.
902 3495 947 3556 19·
967 3487 997 3538 et
1016 3487 1103 3559 27.).
1124 3478 1234 3558 Arguit

118 3573 189 3634 baec
207 3571 305 3633 Satira
325 3581 464 3634 stouras
484 3582 515 3634 et
535 3571 636 3632 inania
656 3579 735 3633 vota.
748 3571 794 3632 Ex
814 3571 870 3633 bae
891 3571 1022 3633 lectione
1042 3571 1093 3632 illo
1113 3571 1234 3634 ridetur

119 3675 181 3728 orta
214 3664 416 3748 glossatorem
457 3685 549 3747 opera
577 3672 608 3727 et
636 3674 761 3746 stupore
791 3663 999 3726 librariorum.
1032 3697 1067 3718 a
1084 3664 1136 3724 De
1161 3665 1238 3724 sotis
1311 3694 1318 3714 a

120 3761 289 3824 maneriis.
309 3785 343 3800 -·
362 3761 413 3822 Da
432 3759 591 3824 inutilitate
612 3768 763 3824 sotorum.
787 3785 818 3800 ··
837 3761 875 3823 ln
895 3758 1057 3821 indisereta
1078 3756 1236 3820 hominum
1348 3754 1350 3761 '

121 3864 194 3920 rota.

561 4066 737 4132 SATllllll
756 4067 815 4130 XI.

156 4269 251 4330 Lauta
280 4267 480 4350 reprobemus
510 4264 675 4342 convivia,
702 4285 794 4350 parca
814 4261 988 4348 probamus.
1009 4296 1042 4312 -
1063 4263 1160 4339 Lauta
1179 4280 1238 4324 re·

121 4361 316 4446 prendantor
346 4361 409 4436 (ol.
432 4360 727 4444 reprehenduntur)
761 4361 899 4426 convivia
917 4403 927 4436 ‚
946 4377 1035 4442 parca
1056 4357 1238 4442 probantur.

123 4499 154 4514 -
171 4461 340 4523 Imm·-
360 4457 408 4532 Dr
426 4457 655 4543 comparatione
679 4457 829 4551 rictam·-
853 4453 889 4520 ln
910 4453 1082 4524 luxuriosos
1105 4454 1138 4515 in
1159 4453 1238 4518 albo.

225 4573 307 4650 Ivr.
327 4571 356 4653 1.
1069 4565 1137 4666 ”9
