<?xml version="1.0" encoding="UTF-8"?>
<!DOCTYPE html PUBLIC "-//W3C//DTD XHTML 1.0 Transitional//EN"
    "http://www.w3.org/TR/xhtml1/DTD/xhtml1-transitional.dtd">
<html xmlns="http://www.w3.org/1999/xhtml" xml:lang="en" lang="en">
 <head>
  <title>
</title>
<meta http-equiv="Content-Type" content="text/html;charset=utf-8" />
  <meta name='ocr-system' content='tesseract 3.04.00' />
  <meta name='ocr-capabilities' content='ocr_page ocr_carea ocr_par ocr_line ocrx_word'/>
</head>
<body>
  <div class='ocr_page' id='page_1' title='image "./diuniiiuvenalis00persgoog_0173.png"; bbox 0 0 3108 5494; ppageno 0'>
   <div class='ocr_carea' id='block_1_1' title="bbox 21 665 24 714">
    <p class='ocr_par' dir='ltr' id='par_1_1' title="bbox 21 665 24 714">
     <span class='ocr_line' id='line_1_1' title="bbox 21 665 24 714; baseline 0 0"><span class='ocrx_word' id='word_1_1' title='bbox 21 665 24 714; x_wconf 91' lang='lat' dir='ltr'><strong>l</strong></span> 
     </span>
    </p>
   </div>
   <div class='ocr_carea' id='block_1_2' title="bbox 560 365 794 448">
    <p class='ocr_par' dir='ltr' id='par_1_2' title="bbox 560 365 794 448">
     <span class='ocr_line' id='line_1_2' title="bbox 560 365 794 448; baseline 0.017 -12"><span class='ocrx_word' id='word_1_2' title='bbox 560 365 712 439; x_wconf 69' lang='lat' dir='ltr'><strong>Stl&#39;fflt</strong></span> <span class='ocrx_word' id='word_1_3' title='bbox 748 369 794 448; x_wconf 79' lang='lat' dir='ltr'><strong>lle</strong></span> 
     </span>
    </p>
   </div>
   <div class='ocr_carea' id='block_1_3' title="bbox 21 519 1045 804">
    <p class='ocr_par' dir='ltr' id='par_1_3' title="bbox 21 519 1045 804">
     <span class='ocr_line' id='line_1_3' title="bbox 21 519 1036 676; baseline -0.008 -12"><span class='ocrx_word' id='word_1_4' title='bbox 21 627 23 664; x_wconf 67' lang='lat'>3</span> <span class='ocrx_word' id='word_1_5' title='bbox 115 573 251 676; x_wconf 85' lang='lat' dir='ltr'><strong>Quum</strong></span> <span class='ocrx_word' id='word_1_6' title='bbox 271 589 330 661; x_wconf 86' lang='lat' dir='ltr'><strong>tot</strong></span> <span class='ocrx_word' id='word_1_7' title='bbox 348 568 528 663; x_wconf 75' lang='lat' dir='ltr'><strong>abortivit</strong></span> <span class='ocrx_word' id='word_1_8' title='bbox 548 569 752 662; x_wconf 74' lang='lat' dir='ltr'><strong>terendam</strong></span> <span class='ocrx_word' id='word_1_9' title='bbox 770 567 868 657; x_wconf 77' lang='lat' dir='ltr'><strong>Iulis</strong></span> <span class='ocrx_word' id='word_1_10' title='bbox 887 519 1036 664; x_wconf 66' lang='lat' dir='ltr'><strong>vulvum</strong></span> 
     </span>
     <span class='ocr_line' id='line_1_4' title="bbox 21 692 1045 804; baseline 0.009 -36"><span class='ocrx_word' id='word_1_11' title='bbox 21 765 22 768; x_wconf 43' lang='lat'>.</span> <span class='ocrx_word' id='word_1_12' title='bbox 114 692 317 792; x_wconf 78' lang='lat' dir='ltr'><strong>Solveret,</strong></span> <span class='ocrx_word' id='word_1_13' title='bbox 338 713 377 776; x_wconf 89' lang='lat' dir='ltr'><strong>et</strong></span> <span class='ocrx_word' id='word_1_14' title='bbox 395 712 533 804; x_wconf 80' lang='lat' dir='ltr'><strong>patruo</strong></span> <span class='ocrx_word' id='word_1_15' title='bbox 552 697 688 777; x_wconf 75' lang='lat' dir='ltr'><strong>similes</strong></span> <span class='ocrx_word' id='word_1_16' title='bbox 708 692 923 792; x_wconf 63' lang='lat' dir='ltr'><strong>effunderet</strong></span> <span class='ocrx_word' id='word_1_17' title='bbox 942 697 1045 776; x_wconf 81' lang='lat' dir='ltr'><strong>ollas.</strong></span> 
     </span>
    </p>
   </div>
   <div class='ocr_carea' id='block_1_4' title="bbox 112 810 1250 1155">
    <p class='ocr_par' dir='ltr' id='par_1_4' title="bbox 112 810 1250 1155">
     <span class='ocr_line' id='line_1_5' title="bbox 112 810 1093 920; baseline -0.002 -28"><span class='ocrx_word' id='word_1_18' title='bbox 112 814 258 893; x_wconf 86' lang='lat' dir='ltr'>Nonne</span> <span class='ocrx_word' id='word_1_19' title='bbox 279 817 395 920; x_wconf 83' lang='lat' dir='ltr'><strong>igitur</strong></span> <span class='ocrx_word' id='word_1_20' title='bbox 412 818 496 895; x_wconf 86' lang='lat' dir='ltr'><strong>iure</strong></span> <span class='ocrx_word' id='word_1_21' title='bbox 515 841 559 892; x_wconf 80' lang='lat' dir='ltr'><strong>ec</strong></span> <span class='ocrx_word' id='word_1_22' title='bbox 579 818 713 895; x_wconf 83' lang='lat' dir='ltr'><strong>merito</strong></span> <span class='ocrx_word' id='word_1_23' title='bbox 733 816 821 894; x_wconf 85' lang='lat' dir='ltr'><strong>vitia</strong></span> <span class='ocrx_word' id='word_1_24' title='bbox 839 810 970 892; x_wconf 82' lang='lat' dir='ltr'><strong>ultima</strong></span> <span class='ocrx_word' id='word_1_25' title='bbox 987 811 1093 893; x_wconf 88' lang='lat' dir='ltr'><strong>fictos</strong></span> 
     </span>
     <span class='ocr_line' id='line_1_6' title="bbox 112 931 1250 1037; baseline -0.005 -27"><span class='ocrx_word' id='word_1_26' title='bbox 112 935 381 1012; x_wconf 86' lang='lat' dir='ltr'><strong>Contemnunt</strong></span> <span class='ocrx_word' id='word_1_27' title='bbox 399 935 584 1030; x_wconf 83' lang='lat' dir='ltr'><strong>Scauros,</strong></span> <span class='ocrx_word' id='word_1_28' title='bbox 603 951 642 1010; x_wconf 90' lang='lat' dir='ltr'><strong>et</strong></span> <span class='ocrx_word' id='word_1_29' title='bbox 660 937 837 1037; x_wconf 81' lang='lat' dir='ltr'><strong>castigata</strong></span> <span class='ocrx_word' id='word_1_30' title='bbox 857 932 1112 1012; x_wconf 76' lang='lat' dir='ltr'><strong>remordent?</strong></span> <span class='ocrx_word' id='word_1_31' title='bbox 1218 931 1250 987; x_wconf 71' lang='lat'><strong>³⁵</strong></span> 
     </span>
     <span class='ocr_line' id='line_1_7' title="bbox 167 1049 1137 1155; baseline -0.001 -29"><span class='ocrx_word' id='word_1_32' title='bbox 167 1053 259 1128; x_wconf 91' lang='lat' dir='ltr'><strong>Non</strong></span> <span class='ocrx_word' id='word_1_33' title='bbox 281 1050 367 1126; x_wconf 88' lang='lat' dir='ltr'><strong>tulit</strong></span> <span class='ocrx_word' id='word_1_34' title='bbox 387 1050 527 1142; x_wconf 78' lang='lat' dir='ltr'><strong>exiliis</strong></span> <span class='ocrx_word' id='word_1_35' title='bbox 550 1070 696 1130; x_wconf 84' lang='lat' dir='ltr'><strong>torvum</strong></span> <span class='ocrx_word' id='word_1_36' title='bbox 713 1053 906 1126; x_wconf 85' lang='lat' dir='ltr'><strong>Lauronia</strong></span> <span class='ocrx_word' id='word_1_37' title='bbox 926 1049 1137 1155; x_wconf 82' lang='lat' dir='ltr'><strong>quemdem</strong></span> 
     </span>
    </p>
   </div>
   <div class='ocr_carea' id='block_1_5' title="bbox 118 1555 666 1782">
    <p class='ocr_par' dir='ltr' id='par_1_5' title="bbox 118 1555 666 1782">
     <span class='ocr_line' id='line_1_8' title="bbox 149 1555 666 1629; baseline 0.002 -20"><span class='ocrx_word' id='word_1_38' title='bbox 149 1563 196 1610; x_wconf 76' lang='grc'><strong>3-4.</strong></span> <span class='ocrx_word' id='word_1_39' title='bbox 216 1563 296 1614; x_wconf 82' lang='lat' dir='ltr'><strong>vietus</strong></span> <span class='ocrx_word' id='word_1_40' title='bbox 309 1557 517 1624; x_wconf 64' lang='lat' dir='ltr'><strong>illuscescat,</strong></span> <span class='ocrx_word' id='word_1_41' title='bbox 538 1557 584 1629; x_wconf 87' lang='lat' dir='ltr'><strong>qui</strong></span> <span class='ocrx_word' id='word_1_42' title='bbox 605 1555 666 1618; x_wconf 82' lang='lat' dir='ltr'><strong>inde</strong></span> 
     </span>
     <span class='ocr_line' id='line_1_9' title="bbox 118 1640 608 1696; baseline 0.004 -2"><span class='ocrx_word' id='word_1_43' title='bbox 118 1641 193 1694; x_wconf 82' lang='lat' dir='ltr'><strong>enni.</strong></span> <span class='ocrx_word' id='word_1_44' title='bbox 213 1645 296 1694; x_wconf 82' lang='lat' dir='ltr'><strong>victos</strong></span> <span class='ocrx_word' id='word_1_45' title='bbox 310 1640 481 1696; x_wconf 74' lang='lat' dir='ltr'><strong>condemnant</strong></span> <span class='ocrx_word' id='word_1_46' title='bbox 494 1641 608 1696; x_wconf 79' lang='lat' dir='ltr'><strong>Scauros.</strong></span> 
     </span>
     <span class='ocr_line' id='line_1_10' title="bbox 150 1727 665 1782; baseline -0.004 -2"><span class='ocrx_word' id='word_1_47' title='bbox 150 1734 197 1780; x_wconf 83' lang='lat'><strong>³6.</strong></span> <span class='ocrx_word' id='word_1_48' title='bbox 217 1727 333 1780; x_wconf 80' lang='lat' dir='ltr'><strong>Laronia</strong></span> <span class='ocrx_word' id='word_1_49' title='bbox 345 1733 369 1780; x_wconf 82' lang='grc'><strong>4.</strong></span> <span class='ocrx_word' id='word_1_50' title='bbox 385 1735 409 1782; x_wconf 82' lang='grc'><strong>5.</strong></span> <span class='ocrx_word' id='word_1_51' title='bbox 433 1733 542 1782; x_wconf 84' lang='grc'><strong>44-47.</strong></span> <span class='ocrx_word' id='word_1_52' title='bbox 564 1733 607 1782; x_wconf 88' lang='grc'><strong>20.</strong></span> <span class='ocrx_word' id='word_1_53' title='bbox 624 1731 665 1780; x_wconf 90' lang='grc'><strong>24.</strong></span> 
     </span>
    </p>
   </div>
   <div class='ocr_carea' id='block_1_6' title="bbox 21 1817 670 2207">
    <p class='ocr_par' dir='ltr' id='par_1_6' title="bbox 21 1793 670 2207">
     <span class='ocr_line' id='line_1_11' title="bbox 117 1817 666 1884; baseline -0.003 -14.298"><span class='ocrx_word' id='word_1_54' title='bbox 117 1817 162 1866; x_wconf 83' lang='lat'><strong>22.</strong></span> <span class='ocrx_word' id='word_1_55' title='bbox 188 1817 223 1866; x_wconf 77' lang='lat' dir='ltr'><strong>ss</strong></span> <span class='ocrx_word' id='word_1_56' title='bbox 241 1831 258 1865; x_wconf 81' lang='grc' dir='ltr'><strong>ι</strong></span> <span class='ocrx_word' id='word_1_57' title='bbox 281 1831 319 1867; x_wconf 82' lang='lat' dir='ltr'><strong>m.</strong></span> <span class='ocrx_word' id='word_1_58' title='bbox 338 1831 378 1884; x_wconf 69' lang='lat' dir='ltr'><strong>pr.</strong></span> <span class='ocrx_word' id='word_1_59' title='bbox 413 1817 455 1866; x_wconf 78' lang='grc' dir='ltr'><strong>ιι.</strong></span> <span class='ocrx_word' id='word_1_60' title='bbox 486 1819 597 1868; x_wconf 79' lang='lat' dir='ltr'><strong>ts-ss.</strong></span> <span class='ocrx_word' id='word_1_61' title='bbox 624 1819 666 1868; x_wconf 82' lang='lat' dir='ltr'><strong>ss.</strong></span> 
     </span>
     <span class='ocr_line' id='line_1_12' title="bbox 21 1875 669 1970; baseline 0.002 -19"><span class='ocrx_word' id='word_1_62' title='bbox 21 1875 22 1960; x_wconf 59' lang='lat' dir='ltr'><strong>l</strong></span> <span class='ocrx_word' id='word_1_63' title='bbox 117 1905 186 1952; x_wconf 85' lang='grc'><strong>64-</strong></span> <span class='ocrx_word' id='word_1_64' title='bbox 203 1901 248 1951; x_wconf 89' lang='grc'><strong>82.</strong></span> <span class='ocrx_word' id='word_1_65' title='bbox 270 1907 300 1950; x_wconf 90' lang='lat' dir='ltr'><strong>ut</strong></span> <span class='ocrx_word' id='word_1_66' title='bbox 317 1915 357 1970; x_wconf 80' lang='lat' dir='ltr'><strong>sp·</strong></span> <span class='ocrx_word' id='word_1_67' title='bbox 382 1896 497 1953; x_wconf 72' lang='lat' dir='ltr'><strong>Martini.</strong></span> <span class='ocrx_word' id='word_1_68' title='bbox 529 1904 559 1964; x_wconf 98' lang='grc'><strong>2,</strong></span> <span class='ocrx_word' id='word_1_69' title='bbox 583 1903 626 1952; x_wconf 85' lang='grc'><strong>32.</strong></span> <span class='ocrx_word' id='word_1_70' title='bbox 643 1907 669 1952; x_wconf 86' lang='lat' dir='ltr'><strong>et</strong></span> 
     </span>
     <span class='ocr_line' id='line_1_13' title="bbox 21 1983 668 2054; baseline 0.003 -21"><span class='ocrx_word' id='word_1_71' title='bbox 21 1987 24 2054; x_wconf 48' lang='grc' dir='ltr'><strong>ἰ</strong></span> <span class='ocrx_word' id='word_1_72' title='bbox 119 1983 236 2034; x_wconf 84' lang='lat' dir='ltr'><strong>Gruter.</strong></span> <span class='ocrx_word' id='word_1_73' title='bbox 256 1984 374 2052; x_wconf 85' lang='lat' dir='ltr'><strong>lnscr.&#39;p.</strong></span> <span class='ocrx_word' id='word_1_74' title='bbox 391 1989 452 2045; x_wconf 81' lang='grc'><strong>646,</strong></span> <span class='ocrx_word' id='word_1_75' title='bbox 471 1986 496 2036; x_wconf 92' lang='grc'><strong>2.</strong></span> <span class='ocrx_word' id='word_1_76' title='bbox 517 1983 627 2036; x_wconf 81' lang='lat' dir='ltr'><strong>Latonia</strong></span> <span class='ocrx_word' id='word_1_77' title='bbox 643 1992 668 2035; x_wconf 92' lang='lat' dir='ltr'><strong>et</strong></span> 
     </span>
     <span class='ocr_line' id='line_1_14' title="bbox 21 2057 667 2138; baseline 0 -20"><span class='ocrx_word' id='word_1_78' title='bbox 21 2057 22 2080; x_wconf 74' lang='lat'>³</span> <span class='ocrx_word' id='word_1_79' title='bbox 120 2065 253 2118; x_wconf 77' lang='lat' dir='ltr'><strong>Latronis</strong></span> <span class='ocrx_word' id='word_1_80' title='bbox 276 2065 385 2138; x_wconf 81' lang='lat' dir='ltr'><strong>quidem</strong></span> <span class='ocrx_word' id='word_1_81' title='bbox 406 2064 482 2130; x_wconf 85' lang='lat' dir='ltr'>libri,</span> <span class='ocrx_word' id='word_1_82' title='bbox 500 2067 587 2119; x_wconf 87' lang='lat' dir='ltr'><strong>nescio</strong></span> <span class='ocrx_word' id='word_1_83' title='bbox 606 2066 667 2136; x_wconf 89' lang='lat' dir='ltr'><strong>qui,</strong></span> 
     </span>
     <span class='ocr_line' id='line_1_15' title="bbox 21 2149 670 2207; baseline 0.006 -5"><span class='ocrx_word' id='word_1_84' title='bbox 21 2153 22 2160; x_wconf 77' lang='grc'>’</span> <span class='ocrx_word' id='word_1_85' title='bbox 122 2149 144 2203; x_wconf 87' lang='lat' dir='ltr'><strong>si</strong></span> <span class='ocrx_word' id='word_1_86' title='bbox 158 2151 226 2207; x_wconf 84' lang='lat' dir='ltr'><strong>tides</strong></span> <span class='ocrx_word' id='word_1_87' title='bbox 239 2149 359 2207; x_wconf 70' lang='lat' dir='ltr'><strong>habende</strong></span> <span class='ocrx_word' id='word_1_88' title='bbox 370 2154 493 2206; x_wconf 58' lang='lat' dir='ltr'><strong>&amp;censio</strong></span> <span class='ocrx_word' id='word_1_89' title='bbox 506 2163 533 2206; x_wconf 86' lang='lat' dir='ltr'><strong>et</strong></span> <span class='ocrx_word' id='word_1_90' title='bbox 545 2153 670 2206; x_wconf 86' lang='lat' dir='ltr'><strong>Turuebo</strong></span> 
     </span>
    </p>
   </div>
   <div class='ocr_carea' id='block_1_7' title="bbox 123 2231 670 2472">
    <p class='ocr_par' dir='ltr' id='par_1_7' title="bbox 123 2231 670 2472">
     <span class='ocr_line' id='line_1_16' title="bbox 123 2231 669 2304; baseline 0.002 -19"><span class='ocrx_word' id='word_1_91' title='bbox 123 2231 238 2286; x_wconf 77' lang='lat' dir='ltr'><strong>Adsers.</strong></span> <span class='ocrx_word' id='word_1_92' title='bbox 255 2239 297 2298; x_wconf 84' lang='grc'><strong>45,</strong></span> <span class='ocrx_word' id='word_1_93' title='bbox 315 2240 355 2288; x_wconf 90' lang='grc'><strong>47.</strong></span> <span class='ocrx_word' id='word_1_94' title='bbox 370 2234 415 2304; x_wconf 89' lang='lat' dir='ltr'><strong>qui</strong></span> <span class='ocrx_word' id='word_1_95' title='bbox 435 2237 565 2304; x_wconf 87' lang='lat' dir='ltr'><strong>posterius</strong></span> <span class='ocrx_word' id='word_1_96' title='bbox 579 2233 669 2304; x_wconf 73' lang='lat' dir='ltr'><strong>probe·</strong></span> 
     </span>
     <span class='ocr_line' id='line_1_17' title="bbox 125 2314 670 2388; baseline 0.004 -20"><span class='ocrx_word' id='word_1_97' title='bbox 125 2314 189 2380; x_wconf 78' lang='lat' dir='ltr'><strong>bat,</strong></span> <span class='ocrx_word' id='word_1_98' title='bbox 217 2316 289 2388; x_wconf 87' lang='lat' dir='ltr'><strong>quod</strong></span> <span class='ocrx_word' id='word_1_99' title='bbox 313 2316 396 2370; x_wconf 84' lang='lat' dir='ltr'><strong>etism</strong></span> <span class='ocrx_word' id='word_1_100' title='bbox 422 2318 488 2388; x_wconf 81' lang='lat' dir='ltr'><strong>opud</strong></span> <span class='ocrx_word' id='word_1_101' title='bbox 505 2317 617 2371; x_wconf 68' lang='lat' dir='ltr'><strong>Martini.</strong></span> <span class='ocrx_word' id='word_1_102' title='bbox 641 2317 670 2370; x_wconf 87' lang='lat' dir='ltr'><strong>irs</strong></span> 
     </span>
     <span class='ocr_line' id='line_1_18' title="bbox 132 2399 670 2472; baseline 0.007 -19"><span class='ocrx_word' id='word_1_103' title='bbox 132 2399 209 2454; x_wconf 87' lang='lat' dir='ltr'><strong>libris</strong></span> <span class='ocrx_word' id='word_1_104' title='bbox 233 2420 294 2456; x_wconf 83' lang='lat' dir='ltr'><strong>mss.</strong></span> <span class='ocrx_word' id='word_1_105' title='bbox 323 2405 461 2472; x_wconf 83' lang='lat' dir='ltr'><strong>reperitur.</strong></span> <span class='ocrx_word' id='word_1_106' title='bbox 492 2403 619 2458; x_wconf 68' lang='grc' dir='ltr'><strong>ὶαιινοιιία</strong></span> <span class='ocrx_word' id='word_1_107' title='bbox 644 2409 670 2457; x_wconf 91' lang='grc'><strong>2.</strong></span> 
     </span>
    </p>
   </div>
   <div class='ocr_carea' id='block_1_8' title="bbox 21 2491 670 2558">
    <p class='ocr_par' dir='ltr' id='par_1_8' title="bbox 21 2491 670 2558">
     <span class='ocr_line' id='line_1_19' title="bbox 21 2491 670 2558; baseline 0.003 -19"><span class='ocrx_word' id='word_1_108' title='bbox 21 2545 22 2552; x_wconf 27' lang='grc'><strong>,</strong></span> <span class='ocrx_word' id='word_1_109' title='bbox 134 2493 165 2540; x_wconf 78' lang='grc'><strong>3.</strong></span> <span class='ocrx_word' id='word_1_110' title='bbox 178 2493 203 2540; x_wconf 86' lang='lat'><strong>5.</strong></span> <span class='ocrx_word' id='word_1_111' title='bbox 220 2491 257 2540; x_wconf 83' lang='grc'><strong>40.</strong></span> <span class='ocrx_word' id='word_1_112' title='bbox 271 2495 311 2558; x_wconf 83' lang='lat' dir='ltr'><strong>tt.</strong></span> <span class='ocrx_word' id='word_1_113' title='bbox 328 2494 371 2542; x_wconf 83' lang='lat' dir='ltr'><strong>ts.</strong></span> <span class='ocrx_word' id='word_1_114' title='bbox 388 2494 427 2543; x_wconf 90' lang='lat' dir='ltr'><strong>t9.</strong></span> <span class='ocrx_word' id='word_1_115' title='bbox 442 2495 503 2544; x_wconf 69' lang='lat'><strong>2³·</strong></span> <span class='ocrx_word' id='word_1_116' title='bbox 520 2495 670 2543; x_wconf 75' lang='lat' dir='ltr'><strong>m.sec.2t.</strong></span> 
     </span>
    </p>
   </div>
   <div class='ocr_carea' id='block_1_9' title="bbox 131 2573 677 3571">
    <p class='ocr_par' dir='ltr' id='par_1_9' title="bbox 131 2573 677 3571">
     <span class='ocr_line' id='line_1_20' title="bbox 138 2573 672 2629; baseline 0.009 -8"><span class='ocrx_word' id='word_1_117' title='bbox 138 2573 181 2623; x_wconf 86' lang='grc'><strong>25.</strong></span> <span class='ocrx_word' id='word_1_118' title='bbox 197 2573 238 2624; x_wconf 92' lang='grc'><strong>26.</strong></span> <span class='ocrx_word' id='word_1_119' title='bbox 253 2577 292 2624; x_wconf 83' lang='lat' dir='ltr'><strong>ts.</strong></span> <span class='ocrx_word' id='word_1_120' title='bbox 311 2577 352 2629; x_wconf 78' lang='lat'><strong>⁵6.</strong></span> <span class='ocrx_word' id='word_1_121' title='bbox 372 2579 412 2624; x_wconf 83' lang='grc'><strong>57.</strong></span> <span class='ocrx_word' id='word_1_122' title='bbox 432 2579 474 2626; x_wconf 81' lang='grc'><strong>59.</strong></span> <span class='ocrx_word' id='word_1_123' title='bbox 496 2579 538 2628; x_wconf 86' lang='grc'><strong>60.</strong></span> <span class='ocrx_word' id='word_1_124' title='bbox 561 2581 602 2628; x_wconf 82' lang='lat'><strong>65.</strong></span> <span class='ocrx_word' id='word_1_125' title='bbox 620 2573 672 2626; x_wconf 90' lang='lat' dir='ltr'><strong>duo</strong></span> 
     </span>
     <span class='ocr_line' id='line_1_21' title="bbox 134 2653 672 2712; baseline 0.007 -6"><span class='ocrx_word' id='word_1_126' title='bbox 134 2653 211 2707; x_wconf 87' lang='lat' dir='ltr'><strong>codd.</strong></span> <span class='ocrx_word' id='word_1_127' title='bbox 229 2674 288 2708; x_wconf 83' lang='lat' dir='ltr'><strong>mss.</strong></span> <span class='ocrx_word' id='word_1_128' title='bbox 305 2655 354 2709; x_wconf 76' lang='lat' dir='ltr'><strong>sisi</strong></span> <span class='ocrx_word' id='word_1_129' title='bbox 375 2656 443 2710; x_wconf 88' lang='lat' dir='ltr'><strong>docti</strong></span> <span class='ocrx_word' id='word_1_130' title='bbox 461 2657 489 2708; x_wconf 92' lang='lat' dir='ltr'><strong>iu</strong></span> <span class='ocrx_word' id='word_1_131' title='bbox 509 2657 584 2712; x_wconf 80' lang='lat' dir='ltr'><strong>misc.</strong></span> <span class='ocrx_word' id='word_1_132' title='bbox 605 2657 672 2711; x_wconf 89' lang='lat' dir='ltr'><strong>obss.</strong></span> 
     </span>
     <span class='ocr_line' id='line_1_22' title="bbox 133 2737 669 2813; baseline 0.007 -21"><span class='ocrx_word' id='word_1_133' title='bbox 133 2740 190 2792; x_wconf 85' lang='lat' dir='ltr'><strong>crit.</strong></span> <span class='ocrx_word' id='word_1_134' title='bbox 205 2737 266 2792; x_wconf 85' lang='lat' dir='ltr'><strong>Vol.</strong></span> <span class='ocrx_word' id='word_1_135' title='bbox 278 2742 311 2794; x_wconf 85' lang='lat' dir='ltr'><strong>V.</strong></span> <span class='ocrx_word' id='word_1_136' title='bbox 338 2743 372 2794; x_wconf 86' lang='grc' dir='ltr'><strong>Τ.</strong></span> <span class='ocrx_word' id='word_1_137' title='bbox 392 2743 423 2794; x_wconf 93' lang='lat' dir='ltr'><strong>ll.</strong></span> <span class='ocrx_word' id='word_1_138' title='bbox 444 2760 469 2811; x_wconf 89' lang='lat' dir='ltr'><strong>p.</strong></span> <span class='ocrx_word' id='word_1_139' title='bbox 490 2737 548 2804; x_wconf 77' lang='grc'><strong>269.</strong></span> <span class='ocrx_word' id='word_1_140' title='bbox 567 2745 669 2813; x_wconf 85' lang='lat' dir='ltr'><strong>etqui·</strong></span> 
     </span>
     <span class='ocr_line' id='line_1_23' title="bbox 132 2823 672 2885; baseline 0.009 -7"><span class='ocrx_word' id='word_1_141' title='bbox 132 2823 193 2878; x_wconf 78' lang='lat' dir='ltr'><strong>dem</strong></span> <span class='ocrx_word' id='word_1_142' title='bbox 211 2823 274 2878; x_wconf 88' lang='lat' dir='ltr'>libri</span> <span class='ocrx_word' id='word_1_143' title='bbox 297 2827 325 2878; x_wconf 88' lang='lat' dir='ltr'><strong>iu</strong></span> <span class='ocrx_word' id='word_1_144' title='bbox 351 2825 461 2878; x_wconf 85' lang='lat' dir='ltr'><strong>Murtisl.</strong></span> <span class='ocrx_word' id='word_1_145' title='bbox 487 2825 505 2878; x_wconf 93' lang='lat' dir='ltr'><strong>l.</strong></span> <span class='ocrx_word' id='word_1_146' title='bbox 525 2847 549 2880; x_wconf 87' lang='lat' dir='ltr'><strong>c.</strong></span> <span class='ocrx_word' id='word_1_147' title='bbox 574 2828 618 2882; x_wconf 90' lang='lat' dir='ltr'><strong>ubi</strong></span> <span class='ocrx_word' id='word_1_148' title='bbox 646 2850 672 2885; x_wconf 83' lang='lat' dir='ltr'><strong>s.</strong></span> 
     </span>
     <span class='ocr_line' id='line_1_24' title="bbox 132 2909 673 2981; baseline 0.013 -20"><span class='ocrx_word' id='word_1_149' title='bbox 132 2909 225 2962; x_wconf 77' lang='lat' dir='ltr'><strong>nater.</strong></span> <span class='ocrx_word' id='word_1_150' title='bbox 252 2910 363 2962; x_wconf 82' lang='lat' dir='ltr'><strong>Beekius</strong></span> <span class='ocrx_word' id='word_1_151' title='bbox 390 2912 418 2962; x_wconf 91' lang='lat' dir='ltr'><strong>iu</strong></span> <span class='ocrx_word' id='word_1_152' title='bbox 444 2911 511 2964; x_wconf 84' lang='lat' dir='ltr'><strong>obss.</strong></span> <span class='ocrx_word' id='word_1_153' title='bbox 533 2911 623 2981; x_wconf 89' lang='lat' dir='ltr'><strong>philol.</strong></span> <span class='ocrx_word' id='word_1_154' title='bbox 645 2915 673 2968; x_wconf 89' lang='lat' dir='ltr'><strong>iu</strong></span> 
     </span>
     <span class='ocr_line' id='line_1_25' title="bbox 133 2993 671 3065; baseline 0.011 -21"><span class='ocrx_word' id='word_1_155' title='bbox 133 2993 223 3047; x_wconf 72' lang='lat' dir='ltr'><strong>lucen.</strong></span> <span class='ocrx_word' id='word_1_156' title='bbox 238 2997 294 3047; x_wconf 75' lang='lat' dir='ltr'><strong>Sat.</strong></span> <span class='ocrx_word' id='word_1_157' title='bbox 310 2995 373 3047; x_wconf 82' lang='lat' dir='ltr'><strong>dues</strong></span> <span class='ocrx_word' id='word_1_158' title='bbox 386 3013 412 3065; x_wconf 89' lang='lat' dir='ltr'><strong>p.</strong></span> <span class='ocrx_word' id='word_1_159' title='bbox 436 3003 476 3048; x_wconf 89' lang='grc'><strong>45.</strong></span> <span class='ocrx_word' id='word_1_160' title='bbox 495 3001 514 3028; x_wconf 84' lang='grc'><strong>“</strong></span> <span class='ocrx_word' id='word_1_161' title='bbox 525 2997 653 3050; x_wconf 79' lang='lat' dir='ltr'><strong>Laurouia</strong></span> <span class='ocrx_word' id='word_1_162' title='bbox 660 3037 671 3062; x_wconf 85' lang='lat'><strong>,</strong></span> 
     </span>
     <span class='ocr_line' id='line_1_26' title="bbox 133 3078 673 3153; baseline 0.009 -23"><span class='ocrx_word' id='word_1_163' title='bbox 133 3078 234 3148; x_wconf 87' lang='lat' dir='ltr'><strong>inquit,</strong></span> <span class='ocrx_word' id='word_1_164' title='bbox 250 3079 280 3132; x_wconf 91' lang='lat' dir='ltr'><strong>in</strong></span> <span class='ocrx_word' id='word_1_165' title='bbox 296 3080 409 3132; x_wconf 79' lang='lat' dir='ltr'><strong>Laronia</strong></span> <span class='ocrx_word' id='word_1_166' title='bbox 425 3079 548 3133; x_wconf 78' lang='lat' dir='ltr'>facillime</span> <span class='ocrx_word' id='word_1_167' title='bbox 570 3101 673 3153; x_wconf 84' lang='lat' dir='ltr'><strong>permu-</strong></span> 
     </span>
     <span class='ocr_line' id='line_1_27' title="bbox 131 3164 672 3234; baseline 0.007 -18"><span class='ocrx_word' id='word_1_168' title='bbox 131 3167 181 3216; x_wconf 79' lang='lat' dir='ltr'><strong>tari</strong></span> <span class='ocrx_word' id='word_1_169' title='bbox 210 3167 297 3234; x_wconf 88' lang='lat' dir='ltr'><strong>potuit</strong></span> <span class='ocrx_word' id='word_1_170' title='bbox 323 3165 403 3216; x_wconf 87' lang='lat' dir='ltr'><strong>tribus</strong></span> <span class='ocrx_word' id='word_1_171' title='bbox 434 3164 541 3234; x_wconf 85' lang='lat' dir='ltr'><strong>quidem</strong></span> <span class='ocrx_word' id='word_1_172' title='bbox 571 3166 672 3232; x_wconf 87' lang='lat' dir='ltr'><strong>modis,</strong></span> 
     </span>
     <span class='ocr_line' id='line_1_28' title="bbox 133 3246 675 3322; baseline 0.011 -24"><span class='ocrx_word' id='word_1_173' title='bbox 133 3246 230 3316; x_wconf 85' lang='lat' dir='ltr'><strong>quibus</strong></span> <span class='ocrx_word' id='word_1_174' title='bbox 242 3267 277 3300; x_wconf 85' lang='lat' dir='ltr'><strong>au</strong></span> <span class='ocrx_word' id='word_1_175' title='bbox 292 3247 321 3299; x_wconf 91' lang='lat' dir='ltr'><strong>in</strong></span> <span class='ocrx_word' id='word_1_176' title='bbox 338 3268 370 3312; x_wconf 92' lang='lat' dir='ltr'><strong>o,</strong></span> <span class='ocrx_word' id='word_1_177' title='bbox 385 3269 416 3314; x_wconf 85' lang='lat' dir='ltr'><strong>u,</strong></span> <span class='ocrx_word' id='word_1_178' title='bbox 431 3269 463 3301; x_wconf 84' lang='lat' dir='ltr'><strong>ao</strong></span> <span class='ocrx_word' id='word_1_179' title='bbox 482 3249 616 3304; x_wconf 85' lang='lat' dir='ltr'><strong>immutari</strong></span> <span class='ocrx_word' id='word_1_180' title='bbox 630 3271 675 3322; x_wconf 88' lang='lat' dir='ltr'><strong>po-</strong></span> 
     </span>
     <span class='ocr_line' id='line_1_29' title="bbox 132 3333 676 3398; baseline 0.002 -13"><span class='ocrx_word' id='word_1_181' title='bbox 132 3342 193 3386; x_wconf 87' lang='lat' dir='ltr'><strong>test.</strong></span> <span class='ocrx_word' id='word_1_182' title='bbox 212 3333 286 3386; x_wconf 82' lang='lat' dir='ltr'><strong>Sicut</strong></span> <span class='ocrx_word' id='word_1_183' title='bbox 309 3335 406 3385; x_wconf 78' lang='lat' dir='ltr'><strong>euodes</strong></span> <span class='ocrx_word' id='word_1_184' title='bbox 432 3333 460 3386; x_wconf 87' lang='lat' dir='ltr'><strong>in</strong></span> <span class='ocrx_word' id='word_1_185' title='bbox 477 3335 574 3398; x_wconf 69' lang='lat' dir='ltr'><strong>rocla,</strong></span> <span class='ocrx_word' id='word_1_186' title='bbox 598 3337 676 3389; x_wconf 78' lang='lat' dir='ltr'><strong>caulis</strong></span> 
     </span>
     <span class='ocr_line' id='line_1_30' title="bbox 133 3415 671 3483; baseline 0.006 -15"><span class='ocrx_word' id='word_1_187' title='bbox 133 3415 165 3468; x_wconf 89' lang='lat' dir='ltr'><strong>in</strong></span> <span class='ocrx_word' id='word_1_188' title='bbox 182 3418 261 3483; x_wconf 84' lang='lat' dir='ltr'><strong>colis,</strong></span> <span class='ocrx_word' id='word_1_189' title='bbox 284 3437 373 3469; x_wconf 80' lang='lat' dir='ltr'><strong>suurex</strong></span> <span class='ocrx_word' id='word_1_190' title='bbox 394 3419 421 3470; x_wconf 89' lang='lat' dir='ltr'><strong>iu</strong></span> <span class='ocrx_word' id='word_1_191' title='bbox 439 3437 528 3482; x_wconf 86' lang='lat' dir='ltr'><strong>sorex,</strong></span> <span class='ocrx_word' id='word_1_192' title='bbox 546 3419 582 3472; x_wconf 82' lang='lat' dir='ltr'><strong>its</strong></span> <span class='ocrx_word' id='word_1_193' title='bbox 603 3419 671 3471; x_wconf 82' lang='lat' dir='ltr'><strong>Lau·</strong></span> 
     </span>
     <span class='ocr_line' id='line_1_31' title="bbox 133 3499 677 3571; baseline 0.002 -18"><span class='ocrx_word' id='word_1_194' title='bbox 133 3505 210 3554; x_wconf 82' lang='lat' dir='ltr'><strong>rossia</strong></span> <span class='ocrx_word' id='word_1_195' title='bbox 233 3501 262 3554; x_wconf 87' lang='lat' dir='ltr'><strong>iu</strong></span> <span class='ocrx_word' id='word_1_196' title='bbox 283 3499 394 3554; x_wconf 74' lang='lat' dir='ltr'><strong>Laronia</strong></span> <span class='ocrx_word' id='word_1_197' title='bbox 414 3512 557 3570; x_wconf 80' lang='lat' dir='ltr'><strong>mutatum,</strong></span> <span class='ocrx_word' id='word_1_198' title='bbox 576 3520 608 3554; x_wconf 86' lang='lat' dir='ltr'><strong>ex</strong></span> <span class='ocrx_word' id='word_1_199' title='bbox 626 3521 677 3571; x_wconf 90' lang='lat' dir='ltr'><strong>quo</strong></span> 
     </span>
    </p>
   </div>
   <div class='ocr_carea' id='block_1_10' title="bbox 135 3585 677 3656">
    <p class='ocr_par' dir='ltr' id='par_1_10' title="bbox 135 3585 677 3656">
     <span class='ocr_line' id='line_1_32' title="bbox 135 3585 677 3656; baseline 0 -16"><span class='ocrx_word' id='word_1_200' title='bbox 135 3587 252 3640; x_wconf 66' lang='lat' dir='ltr'><strong>Louna</strong></span> <span class='ocrx_word' id='word_1_201' title='bbox 278 3585 370 3656; x_wconf 85' lang='lat' dir='ltr'><strong>procul</strong></span> <span class='ocrx_word' id='word_1_202' title='bbox 398 3586 477 3640; x_wconf 90' lang='lat' dir='ltr'><strong>dubio</strong></span> <span class='ocrx_word' id='word_1_203' title='bbox 500 3588 599 3640; x_wconf 83' lang='lat' dir='ltr'><strong>lactum</strong></span> <span class='ocrx_word' id='word_1_204' title='bbox 630 3597 677 3642; x_wconf 88' lang='lat' dir='ltr'><strong>est.</strong></span> 
     </span>
    </p>
   </div>
   <div class='ocr_carea' id='block_1_11' title="bbox 137 3674 676 3738">
    <p class='ocr_par' dir='ltr' id='par_1_11' title="bbox 21 3674 676 3756">
     <span class='ocr_line' id='line_1_33' title="bbox 137 3674 676 3738; baseline -0.005 -9.544"><span class='ocrx_word' id='word_1_205' title='bbox 137 3675 190 3727; x_wconf 89' lang='lat' dir='ltr'><strong>Pro</strong></span> <span class='ocrx_word' id='word_1_206' title='bbox 221 3675 313 3726; x_wconf 80' lang='lat' dir='ltr'><strong>claudo</strong></span> <span class='ocrx_word' id='word_1_207' title='bbox 342 3683 443 3728; x_wconf 76' lang='lat' dir='ltr'><strong>ueteres</strong></span> <span class='ocrx_word' id='word_1_208' title='bbox 470 3674 557 3727; x_wconf 81' lang='lat' dir='ltr'><strong>dixere</strong></span> <span class='ocrx_word' id='word_1_209' title='bbox 588 3675 676 3738; x_wconf 82' lang='lat' dir='ltr'><strong>cludo,</strong></span> 
     </span>
    </p>
   </div>
   <div class='ocr_carea' id='block_1_12' title="bbox 138 3745 684 4446">
    <p class='ocr_par' dir='ltr' id='par_1_12' title="bbox 138 3745 684 4420">
     <span class='ocr_line' id='line_1_34' title="bbox 138 3745 678 3829; baseline -0.002 -19"><span class='ocrx_word' id='word_1_210' title='bbox 138 3757 209 3828; x_wconf 87' lang='lat' dir='ltr'><strong>quod</strong></span> <span class='ocrx_word' id='word_1_211' title='bbox 230 3757 315 3810; x_wconf 78' lang='lat' dir='ltr'><strong>adbuc</strong></span> <span class='ocrx_word' id='word_1_212' title='bbox 334 3745 457 3829; x_wconf 82' lang='lat' dir='ltr'><strong>legittir&#39;</strong></span> <span class='ocrx_word' id='word_1_213' title='bbox 449 3775 477 3811; x_wconf 91' lang='grc' dir='ltr'><strong>ιιι</strong></span> <span class='ocrx_word' id='word_1_214' title='bbox 494 3757 568 3812; x_wconf 92' lang='lat' dir='ltr'><strong>codd.</strong></span> <span class='ocrx_word' id='word_1_215' title='bbox 576 3767 628 3826; x_wconf 89' lang='lat' dir='ltr'><strong>,et</strong></span> <span class='ocrx_word' id='word_1_216' title='bbox 646 3777 678 3810; x_wconf 82' lang='lat' dir='ltr'><strong>ex</strong></span> 
     </span>
     <span class='ocr_line' id='line_1_35' title="bbox 139 3844 679 3940; baseline -0.008 -43"><span class='ocrx_word' id='word_1_217' title='bbox 139 3845 291 3940; x_wconf 69' lang='lat' dir='ltr'><strong>cumpositis</strong></span> <span class='ocrx_word' id='word_1_218' title='bbox 316 3845 436 3909; x_wconf 81' lang='lat' dir='ltr'><strong>oocludo,</strong></span> <span class='ocrx_word' id='word_1_219' title='bbox 459 3844 582 3896; x_wconf 79' lang='lat' dir='ltr'><strong>oonrludo</strong></span> <span class='ocrx_word' id='word_1_220' title='bbox 599 3851 679 3913; x_wconf 76' lang='lat' dir='ltr'><strong>putet,</strong></span> 
     </span>
     <span class='ocr_line' id='line_1_36' title="bbox 140 3901 680 3998; baseline -0.006 -19"><span class='ocrx_word' id='word_1_221' title='bbox 140 3901 203 3980; x_wconf 81' lang='lat' dir='ltr'><strong>binc</strong></span> <span class='ocrx_word' id='word_1_222' title='bbox 219 3927 333 3980; x_wconf 79' lang='lat' dir='ltr'><strong>Lwons&#39;a</strong></span> <span class='ocrx_word' id='word_1_223' title='bbox 343 3945 462 3996; x_wconf 87' lang='lat' dir='ltr'><strong>quoque,</strong></span> <span class='ocrx_word' id='word_1_224' title='bbox 479 3945 528 3998; x_wconf 88' lang='lat' dir='ltr'><strong>pro</strong></span> <span class='ocrx_word' id='word_1_225' title='bbox 548 3944 600 3995; x_wconf 91' lang='lat' dir='ltr'><strong>quo</strong></span> <span class='ocrx_word' id='word_1_226' title='bbox 616 3944 680 3994; x_wconf 88' lang='lat' dir='ltr'><strong>pro</strong></span> 
     </span>
     <span class='ocr_line' id='line_1_37' title="bbox 142 4009 680 4107; baseline -0.008 -43"><span class='ocrx_word' id='word_1_227' title='bbox 142 4021 201 4107; x_wconf 74' lang='lat' dir='ltr'><strong>pter</strong></span> <span class='ocrx_word' id='word_1_228' title='bbox 211 4010 415 4064; x_wconf 66' lang='lat' dir='ltr'><strong>simulitudinem</strong></span> <span class='ocrx_word' id='word_1_229' title='bbox 427 4015 474 4066; x_wconf 81' lang='grc' dir='ltr'><strong>τοῦ</strong></span> <span class='ocrx_word' id='word_1_230' title='bbox 486 4031 503 4063; x_wconf 85' lang='grc' dir='ltr'><strong>ιι</strong></span> <span class='ocrx_word' id='word_1_231' title='bbox 514 4019 540 4062; x_wconf 89' lang='lat' dir='ltr'><strong>et</strong></span> <span class='ocrx_word' id='word_1_232' title='bbox 552 4031 568 4062; x_wconf 83' lang='lat' dir='ltr'><strong>u</strong></span> <span class='ocrx_word' id='word_1_233' title='bbox 581 4009 608 4062; x_wconf 89' lang='lat' dir='ltr'><strong>iu</strong></span> <span class='ocrx_word' id='word_1_234' title='bbox 622 4009 680 4064; x_wconf 91' lang='lat' dir='ltr'><strong>lite·</strong></span> 
     </span>
     <span class='ocr_line' id='line_1_38' title="bbox 144 4094 677 4150; baseline 0 -2"><span class='ocrx_word' id='word_1_235' title='bbox 144 4096 182 4148; x_wconf 85' lang='lat' dir='ltr'><strong>ris</strong></span> <span class='ocrx_word' id='word_1_236' title='bbox 196 4096 349 4150; x_wconf 81' lang='lat' dir='ltr'><strong>minusculis</strong></span> <span class='ocrx_word' id='word_1_237' title='bbox 362 4094 458 4148; x_wconf 88' lang='lat' dir='ltr'><strong>lectum</strong></span> <span class='ocrx_word' id='word_1_238' title='bbox 475 4097 595 4149; x_wconf 68' lang='lat' dir='ltr'><strong>Leonta.</strong></span> <span class='ocrx_word' id='word_1_239' title='bbox 609 4095 677 4148; x_wconf 77' lang='lat' dir='ltr'><strong>Leo-</strong></span> 
     </span>
     <span class='ocr_line' id='line_1_39' title="bbox 145 4177 683 4251; baseline 0 -19"><span class='ocrx_word' id='word_1_240' title='bbox 145 4183 237 4234; x_wconf 80' lang='lat' dir='ltr'><strong>medos</strong></span> <span class='ocrx_word' id='word_1_241' title='bbox 253 4199 324 4234; x_wconf 87' lang='lat' dir='ltr'><strong>nunc</strong></span> <span class='ocrx_word' id='word_1_242' title='bbox 338 4190 377 4236; x_wconf 84' lang='lat' dir='ltr'><strong>sst</strong></span> <span class='ocrx_word' id='word_1_243' title='bbox 387 4197 436 4251; x_wconf 84' lang='lat' dir='ltr'><strong>pro</strong></span> <span class='ocrx_word' id='word_1_244' title='bbox 449 4181 604 4244; x_wconf 70' lang='lat' dir='ltr'><strong>bateradus,</strong></span> <span class='ocrx_word' id='word_1_245' title='bbox 617 4177 683 4232; x_wconf 83' lang='lat' dir='ltr'><strong>Lao·</strong></span> 
     </span>
     <span class='ocr_line' id='line_1_40' title="bbox 144 4261 683 4338; baseline -0.004 -21"><span class='ocrx_word' id='word_1_246' title='bbox 144 4266 217 4318; x_wconf 82' lang='lat' dir='ltr'><strong>dieea</strong></span> <span class='ocrx_word' id='word_1_247' title='bbox 230 4285 278 4338; x_wconf 84' lang='lat' dir='ltr'><strong>pro</strong></span> <span class='ocrx_word' id='word_1_248' title='bbox 292 4265 435 4318; x_wconf 59' lang='lat' dir='ltr'><strong>tameo·</strong></span> <span class='ocrx_word' id='word_1_249' title='bbox 428 4300 436 4331; x_wconf 91' lang='lat'><strong>,</strong></span> <span class='ocrx_word' id='word_1_250' title='bbox 452 4265 487 4317; x_wconf 80' lang='lat' dir='ltr'><strong>its</strong></span> <span class='ocrx_word' id='word_1_251' title='bbox 501 4265 566 4317; x_wconf 82' lang='lat' dir='ltr'><strong>torte</strong></span> <span class='ocrx_word' id='word_1_252' title='bbox 581 4261 683 4316; x_wconf 83' lang='lat' dir='ltr'><strong>Lauro-</strong></span> 
     </span>
     <span class='ocr_line' id='line_1_41' title="bbox 144 4343 684 4446; baseline -0.009 -42"><span class='ocrx_word' id='word_1_253' title='bbox 144 4351 190 4404; x_wconf 79' lang='lat' dir='ltr'><strong>ru&#39;a</strong></span> <span class='ocrx_word' id='word_1_254' title='bbox 213 4367 263 4419; x_wconf 89' lang='lat' dir='ltr'><strong>pro</strong></span> <span class='ocrx_word' id='word_1_255' title='bbox 283 4347 430 4412; x_wconf 72' lang='lat' dir='ltr'><strong>Leuctris,</strong></span> <span class='ocrx_word' id='word_1_256' title='bbox 453 4347 531 4446; x_wconf 43' lang='lat' dir='ltr'><strong>quod·</strong></span> <span class='ocrx_word' id='word_1_257' title='bbox 549 4343 684 4418; x_wconf 86' lang='lat' dir='ltr'><strong>imperitus</strong></span> 
     </span>
    </p>
   </div>
   <div class='ocr_carea' id='block_1_13' title="bbox 144 4429 685 4502">
    <p class='ocr_par' dir='ltr' id='par_1_13' title="bbox 144 4429 685 4502">
     <span class='ocr_line' id='line_1_42' title="bbox 144 4429 685 4502; baseline -0.004 -4"><span class='ocrx_word' id='word_1_258' title='bbox 144 4431 270 4500; x_wconf 74' lang='lat' dir='ltr'><strong>librarius</strong></span> <span class='ocrx_word' id='word_1_259' title='bbox 293 4432 374 4501; x_wconf 72' lang='lat' dir='ltr'><strong>sectr</strong></span> <span class='ocrx_word' id='word_1_260' title='bbox 395 4429 503 4500; x_wconf 73' lang='lat' dir='ltr'><strong>litero</strong></span> <span class='ocrx_word' id='word_1_261' title='bbox 522 4432 553 4502; x_wconf 85' lang='lat' dir='ltr'><strong>itt</strong></span> <span class='ocrx_word' id='word_1_262' title='bbox 571 4431 685 4498; x_wconf 57' lang='lat' dir='ltr'><strong>weita</strong></span> 
     </span>
    </p>
   </div>
   <div class='ocr_carea' id='block_1_14' title="bbox 34 1165 1138 1392">
    <p class='ocr_par' dir='ltr' id='par_1_14' title="bbox 34 1165 1138 1392">
     <span class='ocr_line' id='line_1_43' title="bbox 87 1165 1138 1256; baseline -0.002 -10"><span class='ocrx_word' id='word_1_263' title='bbox 87 1165 90 1170; x_wconf 14' lang='grc' dir='ltr'>λ</span> <span class='ocrx_word' id='word_1_264' title='bbox 111 1169 352 1249; x_wconf 76' lang='lat' dir='ltr'><strong>Clementem</strong></span> <span class='ocrx_word' id='word_1_265' title='bbox 372 1174 505 1246; x_wconf 85' lang='lat' dir='ltr'><strong>toties:</strong></span> <span class='ocrx_word' id='word_1_266' title='bbox 524 1169 590 1245; x_wconf 91' lang='lat' dir='ltr'><strong>ubi</strong></span> <span class='ocrx_word' id='word_1_267' title='bbox 610 1195 714 1244; x_wconf 90' lang='lat' dir='ltr'><strong>nunc</strong></span> <span class='ocrx_word' id='word_1_268' title='bbox 733 1167 797 1244; x_wconf 82' lang='lat' dir='ltr'><strong>lex</strong></span> <span class='ocrx_word' id='word_1_269' title='bbox 816 1170 943 1256; x_wconf 81' lang='lat' dir='ltr'><strong>Iulia?</strong></span> <span class='ocrx_word' id='word_1_270' title='bbox 964 1169 1138 1244; x_wconf 82' lang='lat' dir='ltr'><strong>dormis?</strong></span> 
     </span>
     <span class='ocr_line' id='line_1_44' title="bbox 34 1285 1118 1392; baseline -0.002 -28"><span class='ocrx_word' id='word_1_271' title='bbox 34 1375 41 1392; x_wconf 81' lang='lat'>.</span> <span class='ocrx_word' id='word_1_272' title='bbox 112 1287 176 1364; x_wconf 78' lang='lat' dir='ltr'><strong>Ad</strong></span> <span class='ocrx_word' id='word_1_273' title='bbox 199 1316 318 1392; x_wconf 86' lang='lat' dir='ltr'><strong>quem</strong></span> <span class='ocrx_word' id='word_1_274' title='bbox 343 1285 566 1367; x_wconf 83' lang='lat' dir='ltr'><strong>subridens:</strong></span> <span class='ocrx_word' id='word_1_275' title='bbox 583 1285 723 1364; x_wconf 81' lang='lat' dir='ltr'><strong>Felicis</strong></span> <span class='ocrx_word' id='word_1_276' title='bbox 746 1303 939 1392; x_wconf 85' lang='lat' dir='ltr'><strong>tempora,</strong></span> <span class='ocrx_word' id='word_1_277' title='bbox 960 1313 1059 1391; x_wconf 80' lang='lat' dir='ltr'><strong>quae</strong></span> <span class='ocrx_word' id='word_1_278' title='bbox 1081 1303 1118 1362; x_wconf 90' lang='lat' dir='ltr'><strong>te</strong></span> 
     </span>
    </p>
   </div>
   <div class='ocr_carea' id='block_1_15' title="bbox 717 1551 1257 1964">
    <p class='ocr_par' dir='ltr' id='par_1_15' title="bbox 717 1551 1257 1964">
     <span class='ocr_line' id='line_1_45' title="bbox 717 1551 1253 1633; baseline 0.009 -23"><span class='ocrx_word' id='word_1_279' title='bbox 717 1551 853 1613; x_wconf 77' lang='lat' dir='ltr'><strong>ebutrssit.</strong></span> <span class='ocrx_word' id='word_1_280' title='bbox 866 1557 969 1612; x_wconf 78' lang='lat' dir='ltr'><strong>Lwou</strong></span> <span class='ocrx_word' id='word_1_281' title='bbox 982 1573 1045 1610; x_wconf 85' lang='lat' dir='ltr'><strong>vero</strong></span> <span class='ocrx_word' id='word_1_282' title='bbox 1058 1567 1097 1612; x_wconf 84' lang='lat' dir='ltr'><strong>est</strong></span> <span class='ocrx_word' id='word_1_283' title='bbox 1107 1557 1170 1614; x_wconf 80' lang='lat' dir='ltr'><strong>urbs</strong></span> <span class='ocrx_word' id='word_1_284' title='bbox 1181 1557 1253 1633; x_wconf 81' lang='lat' dir='ltr'><strong>llisp·</strong></span> 
     </span>
     <span class='ocr_line' id='line_1_46' title="bbox 718 1640 1255 1710; baseline 0.013 -17"><span class='ocrx_word' id='word_1_285' title='bbox 718 1644 838 1708; x_wconf 77' lang='lat' dir='ltr'><strong>Terrae,</strong></span> <span class='ocrx_word' id='word_1_286' title='bbox 867 1640 911 1694; x_wconf 91' lang='lat' dir='ltr'><strong>ubi</strong></span> <span class='ocrx_word' id='word_1_287' title='bbox 939 1642 1077 1710; x_wconf 83' lang='lat' dir='ltr'><strong>Pompeius</strong></span> <span class='ocrx_word' id='word_1_288' title='bbox 1107 1661 1121 1696; x_wconf 78' lang='lat' dir='ltr'><strong>s</strong></span> <span class='ocrx_word' id='word_1_289' title='bbox 1147 1646 1255 1700; x_wconf 70' lang='lat' dir='ltr'><strong>Caesare</strong></span> 
     </span>
     <span class='ocr_line' id='line_1_47' title="bbox 718 1725 1254 1798; baseline 0.011 -20"><span class='ocrx_word' id='word_1_290' title='bbox 718 1725 801 1778; x_wconf 79' lang='lat' dir='ltr'><strong>victus</strong></span> <span class='ocrx_word' id='word_1_291' title='bbox 829 1735 866 1778; x_wconf 90' lang='lat' dir='ltr'><strong>est</strong></span> <span class='ocrx_word' id='word_1_292' title='bbox 889 1745 985 1780; x_wconf 77' lang='lat' dir='ltr'><strong>cresus.</strong></span> <span class='ocrx_word' id='word_1_293' title='bbox 1012 1725 1142 1780; x_wconf 79' lang='lat' dir='ltr'><strong>Lauroniu</strong></span> <span class='ocrx_word' id='word_1_294' title='bbox 1169 1731 1254 1798; x_wconf 80' lang='lat' dir='ltr'><strong>itaque</strong></span> 
     </span>
     <span class='ocr_line' id='line_1_48' title="bbox 718 1809 1255 1882; baseline 0.007 -20"><span class='ocrx_word' id='word_1_295' title='bbox 718 1811 804 1863; x_wconf 85' lang='lat' dir='ltr'><strong>civem</strong></span> <span class='ocrx_word' id='word_1_296' title='bbox 818 1809 894 1863; x_wconf 88' lang='lat' dir='ltr'><strong>buius</strong></span> <span class='ocrx_word' id='word_1_297' title='bbox 904 1809 976 1862; x_wconf 88' lang='lat' dir='ltr'><strong>urbis</strong></span> <span class='ocrx_word' id='word_1_298' title='bbox 989 1809 1030 1862; x_wconf 84' lang='lat' dir='ltr'><strong>vel</strong></span> <span class='ocrx_word' id='word_1_299' title='bbox 1043 1809 1105 1882; x_wconf 66' lang='lat' dir='ltr'><strong>inde</strong></span> <span class='ocrx_word' id='word_1_300' title='bbox 1118 1811 1255 1867; x_wconf 86' lang='lat' dir='ltr'><strong>oriundum</strong></span> 
     </span>
     <span class='ocr_line' id='line_1_49' title="bbox 718 1883 1257 1964; baseline 0.007 -18"><span class='ocrx_word' id='word_1_301' title='bbox 718 1893 859 1964; x_wconf 80' lang='lat' dir='ltr'><strong>significet:</strong></span> <span class='ocrx_word' id='word_1_302' title='bbox 869 1911 929 1946; x_wconf 82' lang='lat' dir='ltr'><strong>uem</strong></span> <span class='ocrx_word' id='word_1_303' title='bbox 938 1892 1019 1962; x_wconf 84' lang='lat' dir='ltr'><strong>po&#39;e&#39;tis</strong></span> <span class='ocrx_word' id='word_1_304' title='bbox 1026 1883 1257 1962; x_wconf 58' lang='lat' dir='ltr'><strong>retennebstfiuis</strong></span> 
     </span>
    </p>
   </div>
   <div class='ocr_carea' id='block_1_16' title="bbox 719 1977 1366 2049">
    <p class='ocr_par' dir='ltr' id='par_1_16' title="bbox 719 1977 1366 2049">
     <span class='ocr_line' id='line_1_50' title="bbox 719 1977 1366 2049; baseline 0.009 -21"><span class='ocrx_word' id='word_1_305' title='bbox 719 1979 834 2049; x_wconf 86' lang='lat' dir='ltr'><strong>personis</strong></span> <span class='ocrx_word' id='word_1_306' title='bbox 863 1997 878 2030; x_wconf 84' lang='lat' dir='ltr'><strong>e</strong></span> <span class='ocrx_word' id='word_1_307' title='bbox 910 1977 966 2030; x_wconf 93' lang='lat' dir='ltr'><strong>loco</strong></span> <span class='ocrx_word' id='word_1_308' title='bbox 992 1977 1132 2031; x_wconf 70' lang='lat' dir='ltr'><strong>nativitatis</strong></span> <span class='ocrx_word' id='word_1_309' title='bbox 1157 1999 1256 2034; x_wconf 86' lang='lat' dir='ltr'><strong>nomen</strong></span> <span class='ocrx_word' id='word_1_310' title='bbox 1362 1997 1366 2003; x_wconf 91' lang='grc'><strong><em>·</em></strong></span> 
     </span>
    </p>
   </div>
   <div class='ocr_carea' id='block_1_17' title="bbox 719 2059 1259 2457">
    <p class='ocr_par' dir='ltr' id='par_1_17' title="bbox 719 2059 1256 2212">
     <span class='ocr_line' id='line_1_51' title="bbox 719 2059 1256 2140; baseline 0.013 -29"><span class='ocrx_word' id='word_1_311' title='bbox 719 2059 871 2130; x_wconf 89' lang='lat' dir='ltr'><strong>imponere,</strong></span> <span class='ocrx_word' id='word_1_312' title='bbox 884 2070 912 2116; x_wconf 92' lang='lat' dir='ltr'><strong>ut</strong></span> <span class='ocrx_word' id='word_1_313' title='bbox 925 2061 948 2111; x_wconf 88' lang='lat' dir='ltr'><em>S</em></span> <span class='ocrx_word' id='word_1_314' title='bbox 942 2062 1034 2140; x_wconf 66' lang='lat' dir='ltr'><strong>ybuis</strong></span> <span class='ocrx_word' id='word_1_315' title='bbox 1047 2081 1087 2133; x_wconf 82' lang='lat' dir='ltr'><strong>ap.</strong></span> <span class='ocrx_word' id='word_1_316' title='bbox 1100 2065 1188 2116; x_wconf 76' lang='lat' dir='ltr'><strong>Horat.</strong></span> <span class='ocrx_word' id='word_1_317' title='bbox 1203 2064 1256 2118; x_wconf 92' lang='lat' dir='ltr'><strong>Od.</strong></span> 
     </span>
     <span class='ocr_line' id='line_1_52' title="bbox 722 2151 818 2212; baseline -0.021 0"><span class='ocrx_word' id='word_1_318' title='bbox 722 2153 747 2212; x_wconf 83' lang='lat' dir='ltr'><strong>l,</strong></span> <span class='ocrx_word' id='word_1_319' title='bbox 762 2151 818 2210; x_wconf 64' lang='lat' dir='ltr'><strong>8·ss</strong></span> 
     </span>
    </p>

    <p class='ocr_par' dir='ltr' id='par_1_18' title="bbox 755 2232 987 2288">
     <span class='ocr_line' id='line_1_53' title="bbox 755 2232 987 2288; baseline 0 -4"><span class='ocrx_word' id='word_1_320' title='bbox 755 2237 797 2284; x_wconf 82' lang='lat'><strong>37.</strong></span> <span class='ocrx_word' id='word_1_321' title='bbox 814 2232 857 2284; x_wconf 78' lang='lat' dir='ltr'><strong>lex</strong></span> <span class='ocrx_word' id='word_1_322' title='bbox 869 2251 934 2288; x_wconf 81' lang='lat' dir='ltr'><strong>nuno</strong></span> <span class='ocrx_word' id='word_1_323' title='bbox 946 2239 987 2286; x_wconf 81' lang='lat' dir='ltr'><strong>ts.</strong></span> 
     </span>
    </p>

    <p class='ocr_par' dir='ltr' id='par_1_19' title="bbox 722 2317 1259 2457">
     <span class='ocr_line' id='line_1_54' title="bbox 756 2317 1257 2388; baseline 0.008 -20"><span class='ocrx_word' id='word_1_324' title='bbox 756 2321 796 2372; x_wconf 74' lang='lat'><strong>38.</strong></span> <span class='ocrx_word' id='word_1_325' title='bbox 811 2317 894 2388; x_wconf 75' lang='lat' dir='ltr'><strong>Atque</strong></span> <span class='ocrx_word' id='word_1_326' title='bbox 913 2323 949 2369; x_wconf 81' lang='lat' dir='ltr'><strong>ita</strong></span> <span class='ocrx_word' id='word_1_327' title='bbox 961 2319 1087 2370; x_wconf 75' lang='lat' dir='ltr'><strong>subridens</strong></span> <span class='ocrx_word' id='word_1_328' title='bbox 1102 2325 1142 2374; x_wconf 85' lang='grc'><strong>44.</strong></span> <span class='ocrx_word' id='word_1_329' title='bbox 1160 2327 1200 2376; x_wconf 91' lang='grc'><strong>47.</strong></span> <span class='ocrx_word' id='word_1_330' title='bbox 1218 2326 1257 2377; x_wconf 85' lang='grc'><strong>49.</strong></span> 
     </span>
     <span class='ocr_line' id='line_1_55' title="bbox 722 2403 1259 2457; baseline 0.007 -4"><span class='ocrx_word' id='word_1_331' title='bbox 722 2403 763 2453; x_wconf 82' lang='grc'><strong>20.</strong></span> <span class='ocrx_word' id='word_1_332' title='bbox 786 2403 829 2453; x_wconf 87' lang='grc'><strong>24.</strong></span> <span class='ocrx_word' id='word_1_333' title='bbox 852 2405 894 2453; x_wconf 89' lang='grc'><strong>26.</strong></span> <span class='ocrx_word' id='word_1_334' title='bbox 916 2407 958 2455; x_wconf 84' lang='grc'><strong>70.</strong></span> <span class='ocrx_word' id='word_1_335' title='bbox 979 2406 1022 2455; x_wconf 84' lang='lat'><strong>75.</strong></span> <span class='ocrx_word' id='word_1_336' title='bbox 1040 2407 1082 2456; x_wconf 84' lang='grc'><strong>26.</strong></span> <span class='ocrx_word' id='word_1_337' title='bbox 1103 2409 1144 2456; x_wconf 85' lang='grc'><strong>82.</strong></span> <span class='ocrx_word' id='word_1_338' title='bbox 1165 2413 1191 2455; x_wconf 91' lang='lat' dir='ltr'><strong>et</strong></span> <span class='ocrx_word' id='word_1_339' title='bbox 1208 2405 1259 2457; x_wconf 67' lang='lat' dir='ltr'><strong>XX</strong></span> 
     </span>
    </p>
   </div>
   <div class='ocr_carea' id='block_1_18' title="bbox 721 2483 1260 2629">
    <p class='ocr_par' dir='ltr' id='par_1_20' title="bbox 721 2483 1260 2629">
     <span class='ocr_line' id='line_1_56' title="bbox 721 2483 1260 2557; baseline 0.011 -21"><span class='ocrx_word' id='word_1_340' title='bbox 721 2483 799 2538; x_wconf 82' lang='lat' dir='ltr'><strong>codd.</strong></span> <span class='ocrx_word' id='word_1_341' title='bbox 813 2483 890 2538; x_wconf 70' lang='lat' dir='ltr'><strong>Paris.</strong></span> <span class='ocrx_word' id='word_1_342' title='bbox 914 2486 961 2544; x_wconf 76' lang='lat' dir='ltr'><strong>At</strong></span> <span class='ocrx_word' id='word_1_343' title='bbox 979 2505 1052 2557; x_wconf 73' lang='lat' dir='ltr'><strong>sptem</strong></span> <span class='ocrx_word' id='word_1_344' title='bbox 1069 2488 1196 2542; x_wconf 59' lang='lat' dir='ltr'><strong>studeas</strong></span> <span class='ocrx_word' id='word_1_345' title='bbox 1219 2491 1260 2542; x_wconf 85' lang='lat' dir='ltr'><strong>til.</strong></span> 
     </span>
     <span class='ocr_line' id='line_1_57' title="bbox 725 2573 1260 2629; baseline 0.011 -9"><span class='ocrx_word' id='word_1_346' title='bbox 725 2573 766 2620; x_wconf 86' lang='grc'><strong>45.</strong></span> <span class='ocrx_word' id='word_1_347' title='bbox 781 2574 824 2622; x_wconf 84' lang='grc'><strong>23.</strong></span> <span class='ocrx_word' id='word_1_348' title='bbox 838 2573 880 2621; x_wconf 82' lang='lat'><strong>24.</strong></span> <span class='ocrx_word' id='word_1_349' title='bbox 893 2575 934 2622; x_wconf 77' lang='lat'><strong>25.</strong></span> <span class='ocrx_word' id='word_1_350' title='bbox 953 2577 1075 2624; x_wconf 79' lang='lat'>45-67.</span> <span class='ocrx_word' id='word_1_351' title='bbox 1093 2577 1135 2626; x_wconf 86' lang='grc'><strong>69.</strong></span> <span class='ocrx_word' id='word_1_352' title='bbox 1150 2578 1260 2629; x_wconf 79' lang='lat' dir='ltr'><strong>tt-tt.</strong></span> 
     </span>
    </p>
   </div>
   <div class='ocr_carea' id='block_1_19' title="bbox 724 2652 1262 3067">
    <p class='ocr_par' dir='ltr' id='par_1_21' title="bbox 724 2652 1262 3067">
     <span class='ocr_line' id='line_1_58' title="bbox 724 2652 1262 2721; baseline 0.011 -18"><span class='ocrx_word' id='word_1_353' title='bbox 724 2657 833 2706; x_wconf 86' lang='grc'><strong>77-80.</strong></span> <span class='ocrx_word' id='word_1_354' title='bbox 862 2652 1015 2721; x_wconf 80' lang='lat' dir='ltr'><strong>etquidem</strong></span> <span class='ocrx_word' id='word_1_355' title='bbox 1035 2655 1112 2708; x_wconf 73' lang='lat' dir='ltr'>MSS.</span> <span class='ocrx_word' id='word_1_356' title='bbox 1142 2657 1212 2708; x_wconf 80' lang='lat' dir='ltr'><strong>Paris</strong></span> <span class='ocrx_word' id='word_1_357' title='bbox 1232 2655 1262 2710; x_wconf 83' lang='lat' dir='ltr'><strong>sit</strong></span> 
     </span>
     <span class='ocr_line' id='line_1_59' title="bbox 724 2737 1259 2810; baseline 0.015 -23"><span class='ocrx_word' id='word_1_358' title='bbox 724 2757 765 2808; x_wconf 83' lang='lat' dir='ltr'><strong>ep.</strong></span> <span class='ocrx_word' id='word_1_359' title='bbox 781 2737 855 2808; x_wconf 72' lang='lat' dir='ltr'><strong>Virg.</strong></span> <span class='ocrx_word' id='word_1_360' title='bbox 873 2739 939 2790; x_wconf 81' lang='lat' dir='ltr'><strong>Aen.</strong></span> <span class='ocrx_word' id='word_1_361' title='bbox 956 2745 998 2802; x_wconf 87' lang='lat' dir='ltr'><strong>tlt,</strong></span> <span class='ocrx_word' id='word_1_362' title='bbox 1013 2744 1069 2793; x_wconf 84' lang='grc'><strong>742.</strong></span> <span class='ocrx_word' id='word_1_363' title='bbox 1081 2759 1159 2810; x_wconf 84' lang='lat' dir='ltr'><strong>quesn</strong></span> <span class='ocrx_word' id='word_1_364' title='bbox 1170 2741 1259 2795; x_wconf 89' lang='lat' dir='ltr'><strong>lectio-</strong></span> 
     </span>
     <span class='ocr_line' id='line_1_60' title="bbox 725 2824 1261 2896; baseline 0.006 -20"><span class='ocrx_word' id='word_1_365' title='bbox 725 2841 784 2876; x_wconf 86' lang='lat' dir='ltr'><strong>nem</strong></span> <span class='ocrx_word' id='word_1_366' title='bbox 802 2825 940 2888; x_wconf 84' lang='lat' dir='ltr'><strong>revocavi,</strong></span> <span class='ocrx_word' id='word_1_367' title='bbox 961 2824 1023 2896; x_wconf 78' lang='lat' dir='ltr'><strong>quie</strong></span> <span class='ocrx_word' id='word_1_368' title='bbox 1044 2835 1070 2878; x_wconf 89' lang='lat' dir='ltr'><strong>et</strong></span> <span class='ocrx_word' id='word_1_369' title='bbox 1092 2826 1192 2880; x_wconf 89' lang='lat' dir='ltr'><strong>doctior</strong></span> <span class='ocrx_word' id='word_1_370' title='bbox 1208 2837 1261 2892; x_wconf 87' lang='lat' dir='ltr'><strong>est,</strong></span> 
     </span>
     <span class='ocr_line' id='line_1_61' title="bbox 725 2905 1261 2980; baseline 0.007 -22"><span class='ocrx_word' id='word_1_371' title='bbox 725 2917 752 2958; x_wconf 91' lang='lat' dir='ltr'><strong>et</strong></span> <span class='ocrx_word' id='word_1_372' title='bbox 774 2907 932 2980; x_wconf 87' lang='lat' dir='ltr'><strong>optimorum</strong></span> <span class='ocrx_word' id='word_1_373' title='bbox 961 2905 1086 2961; x_wconf 88' lang='lat' dir='ltr'><strong>librorum</strong></span> <span class='ocrx_word' id='word_1_374' title='bbox 1111 2912 1261 2966; x_wconf 79' lang='lat' dir='ltr'><strong>auctoritate</strong></span> 
     </span>
     <span class='ocr_line' id='line_1_62' title="bbox 726 2991 1261 3067; baseline 0.009 -24"><span class='ocrx_word' id='word_1_375' title='bbox 726 2991 863 3045; x_wconf 84' lang='lat' dir='ltr'><strong>firmetur:</strong></span> <span class='ocrx_word' id='word_1_376' title='bbox 884 2993 935 3046; x_wconf 86' lang='lat' dir='ltr'><strong>nisi</strong></span> <span class='ocrx_word' id='word_1_377' title='bbox 959 2993 1025 3048; x_wconf 87' lang='lat' dir='ltr'><strong>sorte</strong></span> <span class='ocrx_word' id='word_1_378' title='bbox 1050 3014 1081 3046; x_wconf 85' lang='lat' dir='ltr'><strong>ex</strong></span> <span class='ocrx_word' id='word_1_379' title='bbox 1106 2994 1178 3067; x_wconf 81' lang='lat' dir='ltr'><strong>Virg.</strong></span> <span class='ocrx_word' id='word_1_380' title='bbox 1201 2993 1219 3050; x_wconf 91' lang='lat' dir='ltr'><strong>l.</strong></span> <span class='ocrx_word' id='word_1_381' title='bbox 1243 2995 1261 3050; x_wconf 95' lang='lat' dir='ltr'><strong>l.</strong></span> 
     </span>
    </p>
   </div>
   <div class='ocr_carea' id='block_1_20' title="bbox 726 3078 1381 3150">
    <p class='ocr_par' dir='ltr' id='par_1_22' title="bbox 726 3078 1381 3150">
     <span class='ocr_line' id='line_1_63' title="bbox 726 3078 1381 3150; baseline 0.005 -20"><span class='ocrx_word' id='word_1_382' title='bbox 726 3078 838 3150; x_wconf 76' lang='lat' dir='ltr'><strong>margini</strong></span> <span class='ocrx_word' id='word_1_383' title='bbox 863 3078 990 3148; x_wconf 80' lang='lat' dir='ltr'><strong>adscripta</strong></span> <span class='ocrx_word' id='word_1_384' title='bbox 1013 3088 1039 3132; x_wconf 91' lang='lat' dir='ltr'><strong>et</strong></span> <span class='ocrx_word' id='word_1_385' title='bbox 1064 3080 1145 3137; x_wconf 87' lang='lat' dir='ltr'><strong>testui</strong></span> <span class='ocrx_word' id='word_1_386' title='bbox 1169 3079 1263 3134; x_wconf 88' lang='lat' dir='ltr'><strong>deinde</strong></span> <span class='ocrx_word' id='word_1_387' title='bbox 1379 3137 1381 3148; x_wconf 39' lang='grc' dir='ltr'>Ι</span> 
     </span>
    </p>
   </div>
   <div class='ocr_carea' id='block_1_21' title="bbox 726 3163 1318 3558">
    <p class='ocr_par' dir='ltr' id='par_1_23' title="bbox 726 3163 1318 3558">
     <span class='ocr_line' id='line_1_64' title="bbox 726 3163 1318 3238; baseline 0.01 -23"><span class='ocrx_word' id='word_1_388' title='bbox 726 3163 797 3216; x_wconf 77' lang='lat' dir='ltr'><strong>illota</strong></span> <span class='ocrx_word' id='word_1_389' title='bbox 815 3163 896 3217; x_wconf 83' lang='lat' dir='ltr'><strong>videri</strong></span> <span class='ocrx_word' id='word_1_390' title='bbox 908 3163 996 3234; x_wconf 84' lang='lat' dir='ltr'><strong>possit.</strong></span> <span class='ocrx_word' id='word_1_391' title='bbox 1009 3165 1044 3218; x_wconf 83' lang='lat' dir='ltr'><strong>ad</strong></span> <span class='ocrx_word' id='word_1_392' title='bbox 1055 3185 1126 3238; x_wconf 82' lang='lat' dir='ltr'><strong>quem</strong></span> <span class='ocrx_word' id='word_1_393' title='bbox 1139 3167 1261 3220; x_wconf 73' lang='lat' dir='ltr'><strong>itastdri·</strong></span> <span class='ocrx_word' id='word_1_394' title='bbox 1314 3219 1318 3230; x_wconf 76' lang='grc'><strong>,</strong></span> 
     </span>
     <span class='ocr_line' id='line_1_65' title="bbox 727 3249 1266 3320; baseline 0.011 -20"><span class='ocrx_word' id='word_1_395' title='bbox 727 3251 788 3301; x_wconf 83' lang='lat' dir='ltr'><strong>deus</strong></span> <span class='ocrx_word' id='word_1_396' title='bbox 803 3257 843 3303; x_wconf 91' lang='grc'><strong>44.</strong></span> <span class='ocrx_word' id='word_1_397' title='bbox 867 3256 906 3302; x_wconf 88' lang='grc'><strong>46.</strong></span> <span class='ocrx_word' id='word_1_398' title='bbox 930 3257 973 3304; x_wconf 88' lang='grc'><strong>68.</strong></span> <span class='ocrx_word' id='word_1_399' title='bbox 996 3249 1069 3320; x_wconf 84' lang='lat' dir='ltr'><strong>prob.</strong></span> <span class='ocrx_word' id='word_1_400' title='bbox 1092 3252 1220 3306; x_wconf 74' lang='lat' dir='ltr'><strong>Schurzll.</strong></span> <span class='ocrx_word' id='word_1_401' title='bbox 1240 3261 1266 3306; x_wconf 76' lang='lat' dir='ltr'><strong>el</strong></span> 
     </span>
     <span class='ocr_line' id='line_1_66' title="bbox 727 3331 1262 3404; baseline 0.004 -20"><span class='ocrx_word' id='word_1_402' title='bbox 727 3333 836 3384; x_wconf 88' lang='lat' dir='ltr'><strong>omuino</strong></span> <span class='ocrx_word' id='word_1_403' title='bbox 848 3331 969 3404; x_wconf 81' lang='lat' dir='ltr'><strong>suspicari</strong></span> <span class='ocrx_word' id='word_1_404' title='bbox 985 3331 1053 3396; x_wconf 84' lang='lat' dir='ltr'><strong>licet,</strong></span> <span class='ocrx_word' id='word_1_405' title='bbox 1068 3353 1098 3386; x_wconf 81' lang='lat' dir='ltr'><strong>ex</strong></span> <span class='ocrx_word' id='word_1_406' title='bbox 1112 3333 1159 3386; x_wconf 83' lang='lat' dir='ltr'><strong>hec</strong></span> <span class='ocrx_word' id='word_1_407' title='bbox 1172 3333 1262 3386; x_wconf 89' lang='lat' dir='ltr'><strong>lectio-</strong></span> 
     </span>
     <span class='ocr_line' id='line_1_67' title="bbox 727 3414 1266 3486; baseline 0.002 -18"><span class='ocrx_word' id='word_1_408' title='bbox 727 3435 762 3468; x_wconf 85' lang='lat' dir='ltr'><strong>ne</strong></span> <span class='ocrx_word' id='word_1_409' title='bbox 783 3414 896 3486; x_wconf 85' lang='lat' dir='ltr'><strong>reliquus</strong></span> <span class='ocrx_word' id='word_1_410' title='bbox 913 3435 968 3469; x_wconf 89' lang='lat' dir='ltr'><strong>esse</strong></span> <span class='ocrx_word' id='word_1_411' title='bbox 985 3429 1063 3472; x_wconf 85' lang='lat' dir='ltr'><strong>ortas.</strong></span> <span class='ocrx_word' id='word_1_412' title='bbox 1083 3417 1134 3470; x_wconf 89' lang='lat' dir='ltr'><strong>Sed</strong></span> <span class='ocrx_word' id='word_1_413' title='bbox 1151 3428 1266 3470; x_wconf 84' lang='lat' dir='ltr'><strong>nostram</strong></span> 
     </span>
     <span class='ocr_line' id='line_1_68' title="bbox 728 3499 1264 3558; baseline 0.006 -4"><span class='ocrx_word' id='word_1_414' title='bbox 728 3501 836 3554; x_wconf 78' lang='lat' dir='ltr'><strong>Becltius</strong></span> <span class='ocrx_word' id='word_1_415' title='bbox 854 3499 870 3552; x_wconf 93' lang='lat' dir='ltr'><strong>l.</strong></span> <span class='ocrx_word' id='word_1_416' title='bbox 885 3499 903 3553; x_wconf 89' lang='lat' dir='ltr'><strong>l.</strong></span> <span class='ocrx_word' id='word_1_417' title='bbox 920 3520 974 3554; x_wconf 88' lang='lat' dir='ltr'><strong>nou</strong></span> <span class='ocrx_word' id='word_1_418' title='bbox 993 3500 1059 3554; x_wconf 78' lang='lat' dir='ltr'><strong>mele</strong></span> <span class='ocrx_word' id='word_1_419' title='bbox 1074 3503 1108 3554; x_wconf 82' lang='lat' dir='ltr'><strong>its</strong></span> <span class='ocrx_word' id='word_1_420' title='bbox 1132 3501 1264 3558; x_wconf 80' lang='lat' dir='ltr'><strong>defendit:</strong></span> 
     </span>
    </p>
   </div>
   <div class='ocr_carea' id='block_1_22' title="bbox 728 3589 1270 4334">
    <p class='ocr_par' dir='ltr' id='par_1_24' title="bbox 728 3589 1270 4334">
     <span class='ocr_line' id='line_1_69' title="bbox 728 3589 1266 3660; baseline 0.007 -20"><span class='ocrx_word' id='word_1_421' title='bbox 728 3591 844 3657; x_wconf 84' lang='lat' dir='ltr'><strong>“Quum</strong></span> <span class='ocrx_word' id='word_1_422' title='bbox 861 3589 986 3660; x_wconf 89' lang='lat' dir='ltr'><strong>scripturn</strong></span> <span class='ocrx_word' id='word_1_423' title='bbox 1001 3599 1067 3642; x_wconf 87' lang='lat' dir='ltr'><strong>esset</strong></span> <span class='ocrx_word' id='word_1_424' title='bbox 1078 3591 1217 3660; x_wconf 75' lang='lat' dir='ltr'><strong>antiquitus</strong></span> <span class='ocrx_word' id='word_1_425' title='bbox 1230 3592 1266 3644; x_wconf 84' lang='lat' dir='ltr'><strong>ad</strong></span> 
     </span>
     <span class='ocr_line' id='line_1_70' title="bbox 729 3675 1265 3747; baseline 0 -19"><span class='ocrx_word' id='word_1_426' title='bbox 729 3695 801 3747; x_wconf 82' lang='lat' dir='ltr'><strong>quem</strong></span> <span class='ocrx_word' id='word_1_427' title='bbox 815 3675 941 3726; x_wconf 76' lang='lat' dir='ltr'><strong>subridens</strong></span> <span class='ocrx_word' id='word_1_428' title='bbox 946 3675 1099 3746; x_wconf 79' lang='lat' dir='ltr'><strong>,superflue</strong></span> <span class='ocrx_word' id='word_1_429' title='bbox 1112 3694 1162 3728; x_wconf 85' lang='lat' dir='ltr'><strong>vox</strong></span> <span class='ocrx_word' id='word_1_430' title='bbox 1172 3678 1209 3727; x_wconf 85' lang='lat' dir='ltr'><strong>ita</strong></span> <span class='ocrx_word' id='word_1_431' title='bbox 1223 3675 1265 3728; x_wconf 84' lang='lat' dir='ltr'><strong>vel</strong></span> 
     </span>
     <span class='ocr_line' id='line_1_71' title="bbox 730 3757 1267 3830; baseline 0.002 -19"><span class='ocrx_word' id='word_1_432' title='bbox 730 3758 899 3830; x_wconf 77' lang='lat' dir='ltr'><strong>intelligendu</strong></span> <span class='ocrx_word' id='word_1_433' title='bbox 927 3769 1044 3826; x_wconf 76' lang='lat' dir='ltr'><strong>tentum,</strong></span> <span class='ocrx_word' id='word_1_434' title='bbox 1075 3757 1116 3816; x_wconf 85' lang='lat' dir='ltr'><strong>vel</strong></span> <span class='ocrx_word' id='word_1_435' title='bbox 1145 3759 1267 3812; x_wconf 77' lang='lat' dir='ltr'><strong>nasutulo</strong></span> 
     </span>
     <span class='ocr_line' id='line_1_72' title="bbox 730 3843 1267 3914; baseline 0.004 -20"><span class='ocrx_word' id='word_1_436' title='bbox 730 3843 833 3894; x_wconf 83' lang='lat' dir='ltr'><strong>cuidam</strong></span> <span class='ocrx_word' id='word_1_437' title='bbox 857 3844 1081 3906; x_wconf 73' lang='lat' dir='ltr'><strong>necessariavisa,</strong></span> <span class='ocrx_word' id='word_1_438' title='bbox 1102 3853 1187 3912; x_wconf 83' lang='lat' dir='ltr'><strong>postes</strong></span> <span class='ocrx_word' id='word_1_439' title='bbox 1207 3843 1267 3914; x_wconf 85' lang='lat' dir='ltr'><strong>ipsis</strong></span> 
     </span>
     <span class='ocr_line' id='line_1_73' title="bbox 731 3925 1268 4000; baseline 0.002 -20"><span class='ocrx_word' id='word_1_440' title='bbox 731 3933 821 4000; x_wconf 76' lang='lat' dir='ltr'><strong>poetae</strong></span> <span class='ocrx_word' id='word_1_441' title='bbox 831 3927 939 3982; x_wconf 89' lang='lat' dir='ltr'><strong>verbis&#39;</strong></span> <span class='ocrx_word' id='word_1_442' title='bbox 931 3937 1025 3980; x_wconf 82' lang='lat' dir='ltr'><strong>inserte</strong></span> <span class='ocrx_word' id='word_1_443' title='bbox 1038 3927 1104 3980; x_wconf 87' lang='lat' dir='ltr'><strong>suit·</strong></span> <span class='ocrx_word' id='word_1_444' title='bbox 1117 3925 1210 3980; x_wconf 86' lang='lat' dir='ltr'><strong>deiude</strong></span> <span class='ocrx_word' id='word_1_445' title='bbox 1222 3928 1268 3981; x_wconf 92' lang='lat' dir='ltr'><strong>eli·</strong></span> 
     </span>
     <span class='ocr_line' id='line_1_74' title="bbox 734 4007 1268 4080; baseline 0 -18"><span class='ocrx_word' id='word_1_446' title='bbox 734 4009 810 4062; x_wconf 90' lang='lat' dir='ltr'><strong>dente</strong></span> <span class='ocrx_word' id='word_1_447' title='bbox 839 4029 887 4072; x_wconf 89' lang='lat' dir='ltr'><strong>eo,</strong></span> <span class='ocrx_word' id='word_1_448' title='bbox 914 4010 957 4078; x_wconf 92' lang='lat' dir='ltr'><strong>qui</strong></span> <span class='ocrx_word' id='word_1_449' title='bbox 987 4007 1110 4076; x_wconf 76' lang='lat' dir='ltr'><strong>dictabat,</strong></span> <span class='ocrx_word' id='word_1_450' title='bbox 1140 4007 1268 4080; x_wconf 73' lang='lat' dir='ltr'><strong>syllabam</strong></span> 
     </span>
     <span class='ocr_line' id='line_1_75' title="bbox 734 4093 1269 4168; baseline 0.006 -22"><span class='ocrx_word' id='word_1_451' title='bbox 734 4115 821 4168; x_wconf 82' lang='lat' dir='ltr'><strong>quem,</strong></span> <span class='ocrx_word' id='word_1_452' title='bbox 833 4093 945 4148; x_wconf 83' lang='lat' dir='ltr'><strong>scribens</strong></span> <span class='ocrx_word' id='word_1_453' title='bbox 963 4093 1061 4150; x_wconf 83' lang='lat' dir='ltr'><strong>audivit</strong></span> <span class='ocrx_word' id='word_1_454' title='bbox 1078 4099 1173 4168; x_wconf 77' lang='lat' dir='ltr'><strong>utqrcita</strong></span> <span class='ocrx_word' id='word_1_455' title='bbox 1190 4099 1269 4150; x_wconf 86' lang='lat' dir='ltr'><strong>etsie</strong></span> 
     </span>
     <span class='ocr_line' id='line_1_76' title="bbox 735 4177 1270 4250; baseline 0.006 -19"><span class='ocrx_word' id='word_1_456' title='bbox 735 4191 808 4250; x_wconf 59' lang='lat' dir='ltr'><strong>atejus</strong></span> <span class='ocrx_word' id='word_1_457' title='bbox 818 4183 854 4232; x_wconf 87' lang='lat' dir='ltr'><strong>ita</strong></span> <span class='ocrx_word' id='word_1_458' title='bbox 865 4177 997 4248; x_wconf 83' lang='lat' dir='ltr'><strong>scripsit„</strong></span> <span class='ocrx_word' id='word_1_459' title='bbox 1013 4177 1061 4230; x_wconf 78' lang='lat' dir='ltr'><strong>Ad</strong></span> <span class='ocrx_word' id='word_1_460' title='bbox 1071 4199 1134 4249; x_wconf 85' lang='lat' dir='ltr'><strong>quae</strong></span> <span class='ocrx_word' id='word_1_461' title='bbox 1144 4181 1270 4236; x_wconf 62' lang='lat' dir='ltr'><strong>obsidens</strong></span> 
     </span>
     <span class='ocr_line' id='line_1_77' title="bbox 736 4249 1269 4334; baseline 0 -20"><span class='ocrx_word' id='word_1_462' title='bbox 736 4265 778 4314; x_wconf 84' lang='grc'><strong>27.</strong></span> <span class='ocrx_word' id='word_1_463' title='bbox 792 4259 861 4334; x_wconf 89' lang='lat' dir='ltr'><strong>quod</strong></span> <span class='ocrx_word' id='word_1_464' title='bbox 876 4259 953 4313; x_wconf 79' lang='lat' dir='ltr'><strong>etiam</strong></span> <span class='ocrx_word' id='word_1_465' title='bbox 966 4257 1081 4330; x_wconf 82' lang='lat' dir='ltr'><strong>legitur</strong></span> <span class='ocrx_word' id='word_1_466' title='bbox 1074 4279 1100 4312; x_wconf 88' lang='lat' dir='ltr'><strong>tu</strong></span> <span class='ocrx_word' id='word_1_467' title='bbox 1113 4249 1269 4332; x_wconf 77' lang='lat' dir='ltr'><strong>quibusduui</strong></span> 
     </span>
    </p>
   </div>
   <div class='ocr_carea' id='block_1_23' title="bbox 734 4341 1271 4514">
    <p class='ocr_par' dir='ltr' id='par_1_25' title="bbox 734 4341 1271 4514">
     <span class='ocr_line' id='line_1_78' title="bbox 735 4341 1271 4444; baseline 0.019 -47"><span class='ocrx_word' id='word_1_468' title='bbox 735 4341 811 4402; x_wconf 90' lang='lat' dir='ltr'><strong>codd.</strong></span> <span class='ocrx_word' id='word_1_469' title='bbox 825 4343 902 4444; x_wconf 46' lang='lat' dir='ltr'><strong>virg:</strong></span> <span class='ocrx_word' id='word_1_470' title='bbox 917 4341 935 4398; x_wconf 95' lang='lat' dir='ltr'><strong>l.</strong></span> <span class='ocrx_word' id='word_1_471' title='bbox 947 4343 965 4397; x_wconf 95' lang='lat' dir='ltr'><strong>l.</strong></span> <span class='ocrx_word' id='word_1_472' title='bbox 981 4343 1071 4420; x_wconf 75' lang='lat' dir='ltr'><strong>ibique</strong></span> <span class='ocrx_word' id='word_1_473' title='bbox 1083 4345 1219 4418; x_wconf 75' lang='lat' dir='ltr'><strong>probatum</strong></span> <span class='ocrx_word' id='word_1_474' title='bbox 1232 4355 1271 4408; x_wconf 71' lang='lat' dir='ltr'><strong>sti</strong></span> 
     </span>
     <span class='ocr_line' id='line_1_79' title="bbox 734 4427 1090 4514; baseline -0.006 -16"><span class='ocrx_word' id='word_1_475' title='bbox 734 4448 768 4508; x_wconf 75' lang='grc'><strong>4</strong></span> <span class='ocrx_word' id='word_1_476' title='bbox 768 4427 801 4494; x_wconf 81' lang='lat' dir='ltr'><strong>li.</strong></span> <span class='ocrx_word' id='word_1_477' title='bbox 814 4428 930 4494; x_wconf 70' lang='lat' dir='ltr'><strong>Heinsio</strong></span> <span class='ocrx_word' id='word_1_478' title='bbox 943 4429 1036 4514; x_wconf 62' lang='lat' dir='ltr'><strong>Adsis</strong></span> <span class='ocrx_word' id='word_1_479' title='bbox 1048 4433 1090 4496; x_wconf 82' lang='lat'><strong>22</strong></span> 
     </span>
    </p>
   </div>
   <div class='ocr_carea' id='block_1_24' title="bbox 0 0 1596 5494">
    <p class='ocr_par' dir='ltr' id='par_1_26' title="bbox 0 0 1596 5494">
     <span class='ocr_line' id='line_1_80' title="bbox 0 0 1596 5494; baseline 0 0"><span class='ocrx_word' id='word_1_480' title='bbox 0 0 1596 5494; x_wconf 95' lang='lat' dir='ltr'><strong> </strong></span> 
     </span>
    </p>
   </div>
  </div>
 </body>
</html>
