3120 5494
354 415 449 514 356
828 439 964 508 rursu

350 656 462 734 Nunc
481 651 631 726 demum
651 677 810 726 numero
827 649 961 740 fluere,
981 667 1024 724 ut
1044 649 1210 756 perleve
1231 675 1381 737 severos

351 765 532 842 Effundat
546 769 722 842 iunctura
739 769 906 868 ungues?
923 767 1001 840 Scit
1017 765 1175 841 tendere
1203 793 1350 844 versum
1438 801 1472 849 σε

351 885 438 956 Νοιι
455 909 583 970 secus,
603 907 646 955 ac
666 883 694 956 si
714 880 827 955 oculo
857 881 1045 956 rubricam
1062 881 1200 984 dirigat
1220 909 1310 957 uno.

352 999 436 1073 Sive
456 1025 551 1104 opus
570 999 611 1071 in
631 1023 771 1086 mores,
791 999 831 1070 in
851 996 1004 1087 luxum,
1025 1000 1066 1070 in
1084 997 1243 1101 prandia
1261 1025 1393 1104 regum

351 1117 511 1204 Dicere,
532 1141 591 1190 res
608 1112 769 1218 grandes
789 1113 1006 1189 nostrossdut
1018 1117 1125 1189 Musa
1145 1125 1292 1218 poetae.

261 1371 265 1376 .
352 1331 401 1395 cit,
416 1331 453 1390 ek
469 1345 531 1398 γαρ.
550 1327 697 1393 Nostrates,
715 1346 771 1381 was
784 1326 887 1380 umus
940 1322 965 1379 δ’
972 1327 1141 1397 ἐπισταμένως
1156 1327 1199 1382 καὶ
1212 1327 1255 1382 ini
1268 1327 1382 1397 στάθμην
1392 1327 1475 1386 ἰθυνι.

352 1420 387 1468 sie
403 1413 494 1464 undere
510 1415 606 1481 sugeri?
974 1417 1014 1464 66.
1029 1409 1090 1464 Nou
1101 1432 1182 1477 secus,
1197 1433 1227 1464 ue
1236 1415 1258 1464 si
1268 1413 1339 1466 uculo
1350 1415 1473 1466 rubricam

387 1503 429 1550 64.
446 1493 524 1549 Nune
536 1491 679 1559 demumst.
693 1511 716 1546 e.
732 1491 759 1544 in
775 1491 816 1545 lrie
831 1501 886 1550 ten·
940 1498 1038 1568 dirigat
1060 1517 1117 1550 tuso.
1135 1497 1240 1550 Rulrica
1259 1508 1297 1551 est
1322 1497 1347 1552 h.
1366 1498 1383 1551 l.
1407 1497 1474 1554 linea

352 1570 412 1630 sient
429 1575 602 1640 carminibus,
618 1591 700 1644 qtrurn
725 1567 787 1627 u'ute
808 1591 888 1626 nemo
940 1579 1330 1649 (tunicatus)rubricantur,
1344 1583 1473 1652 qussebrr'

352 1671 406 1713 tum
419 1659 528 1714 mollem
541 1675 666 1710 versuum
685 1657 886 1710 concinnitatem
940 1661 1041 1734 lignarii
1057 1673 1083 1716 et
1097 1663 1211 1733 lapidarii
1230 1665 1383 1730 utebantur,
1406 1667 1471 1737 spud

355 1745 491 1798 adsecutus
502 1745 544 1798 sit.
558 1745 630 1796 molli
641 1761 742 1795 numero
758 1743 776 1794 i.
790 1761 813 1797 e.
827 1759 886 1794 ver·
941 1747 1054 1802 Graecus
1074 1749 1185 1824 σιτάριη.
1209 1748 1320 1820 Hesych.
1340 1749 1369 1802 iu
1397 1751 1422 1804 h.
1447 1771 1470 1802 r.

354 1829 439 1891 sibus,
458 1827 486 1879 iu
500 1825 592 1896 quibus
607 1823 681 1878 molli
695 1826 812 1878 iunctura
825 1825 886 1878 effe·
939 1827 1049 1884 Salmas.
1068 1829 1099 1882 ed
1113 1831 1196 1887 Solin.
1212 1851 1237 1903 p.
1254 1838 1310 1886 t87.
1329 1835 1375 1886 Bet
1387 1833 1470 1902 itaque

352 1921 424 1964 ctum
441 1919 498 1973 est,
516 1920 546 1962 ut
562 1906 754 1977 nulleusqusm
767 1911 890 1978 asperitas
939 1916 1061 1967 mbricam
1086 1916 1212 1986 dirigere,
1238 1915 1308 1970 huuc
1327 1915 1469 1969 funiculum

352 2013 428 2048 eures
454 1991 564 2048 tenellus
590 1991 724 2046 obfendat.
756 1992 821 2046 Huic
851 1993 890 2046 rei
939 2015 985 2051 seu
1011 1997 1106 2052 lineum
1128 2000 1283 2063 extendere,
1315 2011 1343 2053 ut
1368 2001 1470 2072 lignum

353 2091 443 2147 apturn
460 2087 508 2144 'est
525 2080 621 2146 fluere.
652 2075 725 2128 Ordo
749 2075 889 2129 verborum
939 2097 985 2133 seu
999 2079 1063 2151 lupis
1076 2082 1107 2134 sd
1120 2101 1178 2135 esni
1190 2085 1469 2154 exigaturmlouno,

353 2161 530 2232 sequentium:
549 2174 575 2212 ut
591 2165 702 2214 unctum
716 2158 890 2232 effundatur·
941 2163 1021 2218 sltero
1035 2163 1121 2219 elsuso
1140 2165 1322 2237 explorabant,
1339 2185 1403 2220 uum
1418 2167 1473 2236 ipsa
1510 2189 1524 2198 ··

354 2247 645 2317 guesseverospcrleve.
673 2245 814 2314 Explicatio
829 2245 891 2299 hsec
940 2247 1008 2300 lines
1034 2249 1083 2301 rite
1108 2248 1203 2302 directa
1234 2261 1299 2305 esset
1324 2249 1473 2323 lignumque

356 2342 394 2384 est
407 2329 517 2402 prioris,
532 2339 558 2381 et
569 2327 723 2382 translatum
737 2327 810 2382 lrocu
823 2347 891 2382 mur·
941 2349 984 2383 seu
996 2329 1128 2401 lapiscum
1137 2331 1180 2386 ills
1189 2344 1353 2403 congrueret.
1368 2335 1474 2388 Luciuu.

354 2413 471 2468 moribus
488 2423 541 2466 turn
556 2422 613 2482 spte
633 2411 792 2476 commissis,
812 2422 890 2471 utne
940 2417 1126 2487 leeronrenipp.
1146 2419 1178 2468 Τ.
1196 2419 1228 2470 ll.
1239 2435 1263 2488 p·
1280 2423 1339 2470 769.
1353 2417 1474 2470 etllieis.

354 2501 451 2567 unguis
468 2487 574 2566 qu'itlens
591 2495 662 2560 eius,
686 2497 731 2564 qui
744 2514 810 2566 opus
827 2494 890 2548 diti·
915 2517 917 2524 ι
940 2499 995 2552 tert
1009 2500 1054 2554 καὶ
1066 2499 1251 2561 reiecturum
1258 2501 1379 2562 πολλάκις
1393 2502 1474 2576 iupe-

356 2581 505 2653 gentissime
523 2581 652 2653 exploret,
672 2583 698 2634 iu
714 2581 831 2634 iunctura
845 2599 891 2636 seu
941 2583 1012 2636 sirus
1024 2601 1067 2653 pst
1079 2580 1147 2636 δοκῶ
1162 2585 1265 2655 ,θατέρῳ
1279 2589 1329 2637 τῶν
1340 2584 1475 2653 ὀφθαλμῶν

358 2667 529 2718 commissura
555 2663 641 2735 aliqua
659 2663 771 2718 haerent.
801 2663 890 2716 Sidou.
941 2661 1044 2734 ἄμεινον
1059 2665 1119 2735 πρὸς
1132 2665 1189 2726 τοὺς
1202 2665 1309 2728 κανόνας
1320 2667 1478 2721 ἀπευθύνοι·

355 2746 441 2819 Apoll.
454 2751 501 2812 tx,
516 2755 539 2801 7.
558 2747 626 2802 Tota
648 2748 769 2816 (oratio)
787 2748 892 2818 denique
941 2765 985 2808 τας
997 2747 1030 2800 τὰ
1041 2747 1114 2811 ξύλα.
1132 2749 1236 2802 Sensus:
1254 2751 1290 2801 lta
1302 2750 1348 2803 scit
1356 2749 1478 2811 tendere,

355 2835 455 2904 liquida
484 2853 584 2903 proruis
620 2845 644 2884 ct
672 2833 787 2898 ductilis,
813 2833 891 2885 veluti
942 2828 1050 2894 ἰθύνειν,
1077 2849 1108 2883 ex
1138 2833 1212 2883 ornul
1239 2841 1311 2901 perte
1338 2832 1478 2901 aequatem

355 2937 429 2986 quum
443 2916 601 2987 crystallinas
613 2928 705 2968 cnutus
718 2916 891 2980 monrclriu·
941 2911 1039 2978 fucere,
1055 2911 1183 2983 perpulire
1202 2932 1321 2978 versum,
1347 2927 1377 2969 ut
1404 2916 1480 2968 faber

355 3004 422 3052 tirsus
440 3019 489 3051 ιιοιι
503 3005 604 3068 iupnetu
624 3001 719 3070 digitus
734 3019 815 3070 ungue
829 3020 887 3072 per·
942 2995 1066 3066 lignarius
1092 3007 1137 3050 sut
1165 2995 1303 3068 lapidarius
1329 2997 1361 3051 sd
1379 2997 1478 3053 tineent

354 3086 462 3147 Ιιιόιίιιν,Ι
485 3087 573 3156 quippe
589 3103 615 3136 ee
635 3085 701 3137 nibil
723 3105 777 3138 eum
795 3089 893 3140 rimogis
942 3077 1042 3149 llgnum
1059 3093 1103 3136 sut
1121 3081 1231 3152 lapident
1258 3082 1350 3154 exlglh
1375 3093 1402 3135 el
1429 3083 1481 3137 hoc

355 3167 461 3220 obicibus
471 3180 594 3238 exceptum
604 3165 802 3238 tenuxfractura
811 3187 891 3222 remo·
941 3163 1092 3234 simpliciter
1104 3183 1164 3234 pro:
1180 3183 1270 3220 versus
1283 3167 1339 3220 eius
1356 3176 1419 3220 sunt
1433 3187 1479 3238 po·

355 3261 430 3302 retur.
448 3249 524 3302 Vnde
544 3251 619 3302 leonto
631 3251 667 3304 ad
689 3270 794 3322 urtgrsem
802 3255 891 3330 sperus
942 3245 1054 3302 litiesirui
1070 3258 1097 3300 et
1109 3247 1142 3300 sd
1153 3248 1255 3320 regulas
1271 3249 1437 3304 exactissimi.

356 3347 404 3402 pro
421 3327 511 3402 pelitc.
976 3335 1018 3381 67.
1032 3332 1071 3382 68.
1090 3347 1149 3400 opus
1160 3349 1195 3383 sc.
1211 3329 1302 3397 habet,
1315 3331 1397 3383 dicere
1409 3349 1479 3401 pro:

391 3421 432 3468 65.
449 3413 579 3486 Effwtdat
601 3407 661 3468 c'urn
684 3413 787 3469 deluctu
797 3456 805 3480 ,
828 3435 890 3486 pro:
943 3409 1081 3464 dicendum
1099 3414 1192 3477 elest,
1209 3414 1374 3467 scribendum
1389 3425 1440 3468 eet.
1453 3421 1481 3467 iu

356 3498 413 3553 sine
425 3497 478 3552 ullu
489 3499 640 3552 ohsensiune
651 3503 814 3570 transmittet.
827 3521 893 3554 seve·
945 3511 1036 3555 moret.
1047 3499 1085 3558 ,ἰη
1099 3498 1198 3563 lassent,
1217 3503 1245 3550 iu
1259 3499 1369 3568 mandit!
1380 3517 1481 3570 regum.

247 3601 249 3606 ·
356 3602 397 3636 rus
409 3601 509 3654 urgues.
523 3567 622 3636 'sevena
635 3583 736 3656 proprie
751 3583 783 3636 de
797 3585 889 3637 iudici.
943 3579 1107 3648 Argumenta
1123 3583 1216 3632 satirae
1237 3597 1292 3632 non
1310 3579 1480 3643 indicuntur,

356 3665 420 3729 bus,
436 3665 499 3719 eth.
513 3665 530 3720 l.
546 3667 610 3718 bene
624 3665 655 3720 ad
674 3686 766 3737 ungues
783 3666 891 3720 transla·
943 3672 972 3714 ut
984 3662 1225 3716 Cassubonusuult.
1242 3665 1278 3714 In
1296 3662 1431 3716 interdum
1447 3664 1480 3716 ud

355 3761 430 3814 turn,
447 3769 557 3819 quorum
572 3749 697 3802 iudicium
713 3760 751 3802 est
771 3750 802 3802 de
817 3767 888 3818 aspe-
943 3741 1046 3796 laudern
1070 3755 1196 3817 spectare,
1215 3745 1308 3798 docent
1328 3747 1433 3800 Muuut.
1455 3759 1482 3800 et

355 3831 431 3885 riute
445 3831 549 3886 alicuius
560 3835 608 3884 rei.
625 3831 678 3885 Scit
688 3833 788 3885 tendere
799 3851 893 3886 verum
942 3829 1038 3880 Grtev.
1055 3827 1086 3880 ιδ
1100 3829 1181 3882 Cicer.
1200 3828 1233 3880 de
1248 3829 1321 3882 Offic.
1336 3833 1358 3892 l,
1374 3835 1398 3881 9·
1414 3831 1482 3882 Seu·

355 3921 405 3966 cet.
430 3911 656 3966 Aconstruetione
674 3911 780 3985 obliqua
800 3915 893 3968 transit
943 3933 997 3966 sus:
1017 3931 1193 3986 quascumque
1211 3907 1252 3967 res
1274 3915 1390 3968 carmine
1404 3913 1478 3968 cele-

356 3997 442 4050 subito
469 3995 501 4049 ud
526 4008 641 4063 rectum,
670 4007 699 4051 ut
728 4000 781 4069 ipse
807 3997 894 4070 populi
942 3995 1007 4050 bret.
1049 3997 1228 4052 versabantur
1254 3997 1482 4067 ineptissimarum

356 4079 434 4132 verbs
455 4079 511 4134 sine
536 4077 590 4133 ulle
616 4079 757 4134 mutatione
783 4079 892 4134 adferet.
944 4083 1080 4150 po'e'tururn
1117 4081 1232 4134 carmina
1264 4079 1418 4154 plenumque
1450 4081 1482 4136 in

356 4165 464 4234 Sumpta
479 4164 541 4217 hsec
552 4174 589 4218 est
601 4163 680 4218 dictio
693 4181 707 4216 s
721 4164 797 4219 febris
810 4163 893 4237 ligne·
943 4161 1066 4216 omuibus
1083 4160 1198 4216 luxuriae
1218 4163 1407 4228 instrumentis,
1434 4166 1479 4218 vi·

356 4247 421 4312 riis,
437 4247 481 4320 qui
496 4247 598 4318 lignum
619 4249 650 4302 ud
665 4247 784 4320 regulam
801 4250 891 4320 explo-
943 4255 984 4298 tue
999 4244 1154 4316 elegantiis,
1176 4245 1310 4316 epulisque
1329 4246 1482 4302 leutinimis

357 4340 431 4393 rant,
443 4340 471 4384 ut
483 4331 773 4403 eburnuibuspartibus
787 4331 893 4402 aequale
943 4345 1081 4400 procerum
1103 4327 1292 4398 describesslis‚
1315 4328 1414 4399 ltneque
1440 4350 1483 4382 res

358 4413 476 4469 efficiunt.
498 4417 577 4468 Ηοιιι.
591 4413 685 4486 Odyss.
702 4433 723 4468 s.
746 4421 805 4472 2⁴5.
820 4415 891 4481 ξέσσε
942 4414 1066 4485 geues,
1089 4423 1119 4468 ut
1142 4413 1265 4561 putffut
1288 4411 1328 4468 illi
1349 4411 1480 4485 quidem,
