3120 5494
602 395 819 470 sxcrnsv's
1175 371 1263 470 305

150 599 197 663 sel
210 599 309 682 simpl.
329 615 436 688 πρέπει,
456 621 519 662 csse
540 599 627 664 decet
646 625 668 664 s.
688 603 844 666 convenit.
870 600 930 664 Sed
944 601 1019 664 dara
1040 610 1085 665 est
1103 602 1178 666 lsaec
1200 603 1269 666 elli·

71 700 76 710 ’
149 697 224 778 psis,
253 718 351 781 aeque
371 696 576 778 intelligitur,
605 717 661 758 our
682 703 769 779 poeta
797 701 870 760 baec
890 697 1149 760 Graeoe'dixcrit.
1190 701 1269 760 Nam

149 789 231 872 qaod
251 801 375 872 putent,
397 812 545 853 summam
557 792 703 852 Virronis
718 781 876 854 mollitiem
891 791 1037 868 iudicari,
1057 813 1153 875 quam
1166 793 1270 854 Grae⁴

148 909 202 948 cas
225 909 326 950 sermo
346 889 413 972 plns
433 888 586 949 suavitatis
606 888 884 972 blanditiarnmque
909 889 1019 950 babeat
1050 900 1080 951 et
1108 889 1272 951 effeminati

148 982 205 1056 sit,
226 1003 264 1044 eo
284 985 351 1056 nti,
371 984 404 1044 id
424 983 548 1065 quidem
570 1003 677 1064 parum
700 984 858 1066 probabile
880 985 1120 1058 videtur-stom,
1136 998 1187 1070 pap
1202 997 1269 1067 ytt-

147 1096 195 1129 aaa
208 1075 290 1148 ἄνδρα
305 1075 416 1132 κίναιδον
431 1083 473 1146 47.
496 1077 573 1138 ἤθους
594 1076 689 1146 γλυκὺς
707 1075 790 1150 ἄνδρα
814 1075 926 1132 κίναιδον
946 1079 986 1145 46.
1009 1078 1085 1139 aiau:
1097 1079 1204 1147 plaucos
1219 1098 1271 1150 μην

147 1156 231 1233 arripe
252 1157 367 1213 maardoa
388 1179 429 1212 ao.
452 1159 530 1220 ηθονς
553 1177 645 1232 καιπιρ
668 1159 766 1228 planus
789 1157 873 1234 uadpu
893 1157 1007 1214 sisausa
1032 1165 1074 1226 ⁴9·
1091 1170 1130 1225 54.
1147 1168 1186 1213 55.
1203 1162 1275 1222 azboc

146 1241 240 1310 pltaou
260 1239 342 1317 aadpe
365 1237 478 1302 κιναιδος
501 1245 537 1306 14.
561 1260 571 1292 ι
594 1241 685 1302 ,αιθος
704 1241 788 1312 pluam
807 1240 921 1294 κιναιδον
939 1238 1032 1314 scalpo:
1061 1248 1099 1293 ιθ.
1120 1259 1172 1300 στος
1185 1243 1271 1312 plexu

148 1352 193 1386 και
213 1353 292 1410 alapa
312 1333 426 1396 κιναιδος
444 1335 486 1402 ²4·
504 1331 694 1405 ηδοσηςγλυκυ
715 1331 798 1410 ανδρα
816 1333 939 1388 κυναιδου
961 1353 1000 1388 11.
1042 1322 1121 1384 Alias
1141 1323 1273 1386 aliorum
1350 1347 1353 1354 ’

147 1436 243 1498 nugas
273 1415 824 1500 praetermittimus.—Scburafleiscbii
847 1426 917 1478 nota
943 1427 989 1479 est
1010 1416 1099 1478 baec:
1121 1417 1214 1494 “Qui
1235 1438 1273 1480 ex

147 1510 282 1573 Homero
293 1533 357 1574 rem
373 1523 530 1594 repetunt,
545 1522 631 1574 acute
647 1513 667 1571 ii
677 1511 812 1595 quidem,
826 1513 879 1574 sed
893 1511 1043 1574 luvenalis
1057 1534 1119 1574 non
1132 1512 1188 1572 suit
1201 1534 1273 1574 aca-

149 1613 215 1678 tus,
239 1606 366 1688 quitum
389 1606 557 1688 simplicem
579 1628 698 1668 sensum
710 1607 832 1667 Graecis
848 1607 946 1667 verbis
967 1605 1087 1667 dixerit.
1100 1607 1169 1668 vox
1187 1616 1272 1688 ἄνδρα

147 1703 179 1760 in
202 1701 308 1761 codice
329 1711 434 1762 nostro
454 1699 571 1762 literam
596 1703 759 1762 secundam
774 1711 889 1784 puncto
909 1701 1100 1762 subnotatam
1117 1701 1214 1762 babet.
1237 1701 1272 1761 ld

147 1805 251 1867 notat,
275 1795 393 1858 literam
414 1795 595 1856 eliciendam
616 1817 690 1858 esse.
726 1797 809 1874 Quid
830 1797 854 1857 si
875 1817 931 1857 nos
946 1806 1094 1879 punctum
1109 1795 1185 1857 illud
1201 1798 1272 1856 nni-

148 1913 221 1952 cum
235 1891 482 1973 elegantissimam
503 1891 610 1952 doceat
623 1892 822 1974 scripturam,
847 1902 877 1954 et
893 1902 1060 1968 monstret,
1081 1891 1113 1952 iu
1128 1891 1273 1952 Iuvenale

79 1977 82 1984 ’
149 1985 373 2046 emendandam
403 2006 486 2056 esse;
514 1998 592 2052 αὑτὸν
606 2000 659 2068 γὰρ
675 1999 804 2070 ἐφέλκεται
819 1997 903 2072 ἄστρα
919 1997 1050 2068 κίναιδον,
1081 1985 1129 2050 rel
1150 1986 1272 2068 propius

150 2079 187 2139 fid
209 2087 340 2140 lelelem
355 2079 538 2158 scriplum
550 2093 628 2148 adria
640 2091 665 2148 δ’
677 2093 747 2146 ilaec
758 2094 854 2164 pluatis
867 2095 949 2164 ἄστρα
962 2091 1092 2150 airardum
1108 2080 1169 2142 Sed
1185 2081 1272 2160 prior

151 2173 260 2250 lectio,
283 2195 378 2256 qnam
401 2173 524 2256 parodia
554 2175 594 2235 sit
615 2175 765 2257 pressior,
792 2177 882 2258 plane
908 2177 1025 2258 placet,
1057 2185 1087 2236 et
1120 2174 1272 2258 spondere

151 2269 265 2342 ausim,
281 2271 325 2328 ita
346 2267 519 2330 iuvenalem
540 2271 709 2352 scripsisse,
738 2279 772 2331 ut
791 2271 924 2334 Naeroio
944 2270 1140 2354 persuadeat,
1171 2270 1272 2329 fortu-

152 2385 222 2424 nam
245 2367 275 2441 in
299 2366 439 2445 turpibus
458 2365 548 2424 etiam
563 2366 654 2428 rebus
675 2388 690 2425 a
706 2367 808 2447 genesi
828 2366 1021 2448 dependere,
1041 2375 1070 2425 et
1084 2363 1174 2426 simul
1186 2364 1267 2425 idem

152 2461 312 2521 credentes
333 2463 484 2522 Romanos
511 2460 655 2522 derideat.
697 2465 733 2522 ln
754 2462 857 2523 Schol.
879 2479 934 2544 pro
961 2465 1026 2543 ipse
1052 2461 1097 2521 ud
1126 2483 1157 2521 se
1176 2461 1271 2519 tralu't

152 2559 246 2638 possis
266 2557 366 2638 legere
384 2560 483 2637 ipsum
505 2570 620 2616 astrum
642 2560 736 2620 trabit
756 2558 803 2620 vel
824 2559 966 2629 retrahit,
991 2566 1023 2616 at
1043 2555 1159 2637 legerit,
1175 2567 1202 2620 ot
1216 2567 1268 2635 γὰρ

152 2667 230 2722 αὐτὸν
241 2667 369 2739 ἐφέλκεται
383 2665 466 2736 ἄστρα
481 2663 634 2726 siccidam„
674 2653 754 2714 Mihi
790 2653 890 2735 aptior
926 2653 1110 2732 facetiorque
1147 2649 1270 2710 videtur

152 2761 254 2810 nostra
276 2750 381 2823 lectio,
397 2753 494 2830 neqde
515 2748 681 2830 adsequor,
705 2769 763 2809 cur
774 2747 923 2809 Iuvenalis
944 2747 996 2808 iila
1007 2747 1132 2808 Graecis
1145 2766 1270 2826 expres-

152 2846 227 2906 serit
248 2845 368 2917 vcrbis,
389 2843 455 2916 rel,
484 2843 507 2903 si
529 2845 744 2904 Homerica'ia
769 2865 835 2904 rem
855 2864 937 2903 suum
960 2851 1136 2903 convertere
1156 2841 1270 2912 voluit,

152 2940 271 3020 dequo
292 2939 343 3000 rix
363 2937 502 2998 dubitare
524 2937 634 3018 possis,
656 2949 715 2997 tam
738 2939 833 2999 multe
847 2936 1071 3011 immutaverit,
1092 2957 1149 2996 nec
1169 2935 1270 3018 potins

151 3043 269 3094 acutam
290 3034 416 3095 Homeri
441 3033 618 3094 seutentiam
649 3033 816 3110 variatione
847 3035 935 3094 unius
956 3031 1037 3092 vocis
1059 3030 1158 3113 lepide
1179 3039 1271 3091 tran-

152 3131 270 3194 stulisse
290 3123 458 3220 censendas
478 3127 525 3190 sit.
549 3149 576 3189 r.
599 3125 720 3191 Comm.

599 3363 824 3429 EXCVRSVS

552 3515 604 3576 An
624 3515 701 3576 sm.
723 3515 792 3588 lX,
812 3517 863 3588 40.

193 3649 349 3710 Sententia
371 3649 460 3710 baius
482 3646 541 3708 loci
564 3658 623 3728 est:
649 3650 808 3728 computat
828 3652 967 3707 accurate
981 3643 1124 3707 cinaedus
1144 3663 1273 3722 avarus,

153 3764 361 3826 quaecamque
381 3743 457 3803 mibi
476 3742 558 3803 dono
578 3741 678 3814 dedit,
699 3764 738 3802 uc
758 3756 854 3817 πονοι,
869 3750 900 3802 et
918 3749 1019 3801 umen
1039 3739 1156 3802 libidini
1172 3739 1274 3799 indul-

153 3848 223 3921 get,
241 3841 289 3898 cai
311 3840 466 3918 imperare
486 3857 549 3900 non
572 3845 684 3917 potest;
701 3835 766 3909 rel,
786 3835 936 3897 calculum
951 3834 1142 3896 strationem
1153 3854 1276 3894 mecam

151 3935 314 4008 subducit,
338 3934 411 4014 dum
432 3933 532 4016 explet
553 3931 721 3994 libidinem.
745 3933 854 3992 Cerere
868 3931 994 4012 proprie
1009 3929 1160 4010 significat
1173 3929 1278 4006 clunes

154 4049 277 4090 morere
298 4047 384 4089 mom
404 4047 514 4088 canam
535 4034 547 4098 (
559 4049 586 4088 v.
600 4047 711 4088 comm.
732 4023 771 4084 ad
789 4025 850 4084 Sat.
877 4024 924 4100 ll,
946 4033 1019 4098 αι.)
1041 4031 1070 4082 et
1090 4021 1188 4104 aptius
1209 4021 1239 4083 b.
1253 4023 1278 4084 l.

153 4125 281 4188 verbam
302 4134 366 4199 est,
386 4143 478 4204 qaam
497 4133 584 4184 canet
605 4119 652 4184 vel
664 4133 762 4192 cavet,
779 4140 856 4201 quae
870 4116 1005 4203 plerique
1019 4117 1198 4200 interpretas
1218 4109 1280 4200 pro¹

154 4241 191 4280 eo
211 4219 443 4281 substituerunt.
463 4217 599 4279 ac'ceuet
622 4241 647 4277 1.
667 4221 715 4279 6ο.
736 4215 785 4277 65.
806 4217 855 4294 69.
877 4232 925 4294 70.
947 4214 994 4292 75·
1016 4213 1067 4288 76.
1088 4213 1138 4275 82.
1157 4225 1278 4274 etcevet
1386 4241 1390 4247 ·
1473 4203 1475 4208 ’

154 4317 205 4376 31.
226 4317 275 4395 49.
294 4314 343 4390 54.
365 4315 413 4376 55.
433 4313 555 4375 6ι-63,
578 4313 702 4376 66-68.
725 4331 774 4391 7ι.
795 4331 844 4392 7²·
867 4332 914 4392 ῃ.
936 4311 984 4371 δι.
1005 4318 1035 4370 et
1054 4308 1122 4373 sod.
1145 4310 1212 4370 Put.
1227 4322 1278 4368 at-

154 4430 212 4492 que
231 4423 309 4472 cevet
328 4408 470 4472 adversus
491 4417 623 4474 metram
642 4409 695 4475 25.
714 4408 764 4473 56.
787 4407 835 4487 57.
861 4419 951 4489 atque
971 4419 1053 4468 cenet
1082 4407 1131 4484 59.
1162 4403 1276 4483 ultime.

260 4523 336 4596 Ivv.
356 4520 385 4595 I.
1143 4517 1175 4587 V
