3108 5494
802 433 1028 496 tvvttNttts

347 635 598 738 Compositivo
619 630 701 706 luto
718 631 844 708 nullos
866 617 1033 709 habuere
1053 652 1241 739 parentes.

348 747 468 822 Multa
489 746 691 852 pudicitiae
712 753 845 826 veteris
863 754 1015 852 vestigia
1039 750 1166 827 forsan

348 865 424 938 Aut
441 862 568 966 aliqua
588 867 800 938 exstiterint
811 883 847 938 et
859 868 1049 956 sublove3
1069 867 1134 941 sed
1144 870 1232 945 Iove
1247 864 1419 942 nondum
1432 873 1448 954 '4
1455 909 1472 958 5

347 977 531 1069 Barbam,
551 979 720 1055 noudum
741 981 892 1054 Graecis
915 983 1042 1056 iurare
1063 985 1209 1084 paratis

348 1093 422 1166 Per
440 1112 554 1196 caput
572 1093 747 1186 alteriue,
767 1123 885 1198 quum
903 1095 1028 1170 furem
1048 1124 1159 1171 nemo
1180 1100 1329 1174 timeret

348 1207 524 1283 Caulibus
545 1229 608 1283 aut
629 1213 747 1314 pomis
768 1229 805 1284 et
826 1229 957 1314 aperto
979 1216 1120 1290 viveret
1137 1213 1261 1288 horto.
1336 1203 1342 1216 ’

347 1324 531 1408 Paulatim
553 1327 690 1400 deinde
710 1325 755 1399 ad
777 1353 934 1429 superos
953 1330 1106 1402 Astraea
1133 1325 1288 1404 recessit

348 1441 427 1513 Hac
447 1443 600 1531 comite,
622 1459 734 1542 atque
755 1440 852 1514 duae
873 1446 1016 1546 pariter
1036 1444 1168 1544 sugere
1189 1471 1348 1520 sorores.
1386 1445 1388 1450 ’
1436 1483 1472 1532 20

398 1558 605 1659 Antiquom
625 1576 662 1631 et
682 1575 785 1634 vetus
805 1577 879 1649 est,
900 1555 1063 1636 alienum
1083 1615 1092 1648 ‚
1110 1562 1305 1650 Postume,
1323 1559 1471 1638 lectum

347 1675 559 1748 Concutere
580 1690 695 1774 atque
713 1677 808 1748 sacri
831 1677 981 1776 genium
1002 1691 1245 1750 contemnere
1263 1676 1390 1754 fulcri.

347 1791 466 1864 Omne
485 1787 589 1864 aliud
608 1792 750 1863 crimen
770 1818 854 1864 mox
872 1789 997 1864 ferrea
1016 1791 1178 1894 protulit
1200 1810 1325 1869 aetas:

322 1903 323 1908 ’
345 1905 535 1980 Viderunt
554 1909 693 2010 primos
711 1922 888 2008 argentea
907 1907 1056 1980 saecula
1078 1909 1264 1985 moechos,

346 2021 581 2099 Contentum
598 2041 722 2094 tamen
741 2039 778 2095 et
798 2041 947 2124 paetum
968 2041 1006 2096 et
1024 2023 1212 2127 sponsalia
1231 2044 1360 2103 nostra
1430 2063 1464 2114 25

346 2139 583 2240 Tempestate
602 2163 731 2239 paras,
751 2139 899 2239 iamque
919 2167 941 2210 a
958 2155 1111 2214 tonsore
1129 2143 1307 2241 magistro

345 2255 511 2330 Pecteris
531 2270 569 2327 et
587 2253 704 2356 digito
725 2255 861 2357 pignus
881 2252 1037 2329 fortasse
1059 2253 1204 2330 dedisti.

347 2372 458 2444 Certe
478 2395 588 2444 sanus
609 2369 714 2442 eras!
738 2371 924 2460 onrem,
943 2371 1136 2462 Postume,
1157 2370 1298 2446 ducis?

346 2609 375 2664 in
384 2608 585 2664 dnal.adLucil.
594 2607 882 2680 Epigr.83.etPaliadae
931 2609 1068 2663 videbatur
1078 2614 1110 2665 Η.
1124 2611 1235 2666 Valerio.
1384 2679 1386 2687 Ι

346 2696 436 2765 Epigr.
463 2701 501 2748 43.
526 2711 574 2746 nec
597 2711 649 2744 non
673 2692 827 2745 Boirsunade
848 2692 880 2746 ad
964 2699 1006 2746 24.
1021 2695 1142 2748 Postume
1155 2707 1272 2767 quatuor.
1289 2695 1422 2748 Purthume
1435 2697 1464 2750 in

347 2779 429 2832 Nicer.
442 2781 475 2830 T.
487 2779 516 2830 ll.
529 2797 553 2846 p.
566 2783 608 2830 77.
623 2779 664 2830 78.

382 2865 423 2911 ta.
452 2855 635 2926 Compositiqw
655 2861 696 2908 to.
716 2863 756 2910 47.
779 2863 821 2909 49.
838 2861 879 2910 23.
931 2859 1464 2930 1441).348.εᾶ.ΗιτΙεε.ΟΡοεῑιωκ44.

346 2945 391 2994 25.
404 2945 445 2994 27.
460 2947 501 2993 45·
516 2944 554 2992 50.
572 2947 613 2992 54.
630 2945 671 2994 69.
685 2945 728 2993 74.
745 2946 788 2993 74.
805 2945 848 2992 77.

382 3031 421 3077 ts.
442 3029 585 3078 extulerant
596 3027 639 3076 25.
661 3029 702 3076 27.
717 3029 759 3076 46.
780 3027 879 3077 50.’54.

348 3113 389 3163 69.
404 3115 445 3162 74.
459 3115 499 3162 74.
514 3115 557 3161 77.

382 3199 422 3245 46.
436 3191 539 3248 necdttm
557 3194 598 3245 26.

381 3283 423 3330 ra.
451 3288 493 3328 aar
521 3276 602 3342 points
628 3277 669 3329 ts.
704 3279 745 3328 u.
771 3281 811 3328 ts.
834 3281 875 3331 5⁰.

346 3367 387 3416 ss.
418 3365 460 3414 ao.
488 3367 530 3414 rt.
558 3364 655 3412 mu.
683 3379 713 3412 α.
739 3365 819 3429 pom
837 3364 876 3412 to.

347 3450 388 3500 42.
405 3449 444 3498 47.
464 3447 506 3496 24.
524 3449 565 3496 24.
586 3445 628 3493 26.
647 3448 687 3494 45.
705 3471 736 3481 -
749 3455 773 3494 et
791 3456 878 3512 aperto

346 3529 443 3602 legitur
460 3528 486 3580 in
498 3526 618 3579 omnibus
632 3545 692 3579 mss.
701 3535 725 3578 et
738 3526 808 3580 editt.
817 3539 876 3582 ante

344 3611 416 3666 iliam
430 3611 568 3672 Henuinii,
583 3610 628 3682 qui
649 3627 678 3660 ex
697 3610 877 3665 emendatione

343 3697 429 3750 Barth.
442 3693 542 3747 advers.
556 3699 606 3756 22,
626 3701 649 3748 7.
663 3695 792 3764 reposuit:
808 3695 873 3748 Cru-

343 3783 406 3833 libur
416 3791 439 3832 et
450 3781 541 3848 pomis,
552 3778 596 3830 rui
603 3791 688 3848 aperto
699 3779 874 3834 viueretlrorto.

342 3865 471 3919 Neutrum
486 3862 510 3914 h.
525 3861 542 3914 Ι.
561 3860 700 3914 convenire
715 3862 798 3914 videri
815 3883 873 3935 pos·

343 3949 390 4001 sit:
409 3965 471 3999 uam
491 3945 631 3999 subiectum
651 3955 688 3998 est
704 3965 790 4013 nemo,
806 3949 874 4016 quod

343 4051 403 4086 eum
419 4043 506 4103 aperto
522 4035 615 4083 viveret
631 4030 704 4081 horto
723 4030 873 4101 neutiquam

341 4116 416 4187 iungi
430 4123 519 4185 potest.
542 4114 608 4166 Hine
623 4111 688 4166 olim
706 4115 874 4195 conficiebam

343 4209 367 4252 et
380 4214 480 4270 operto,
496 4217 548 4268 quo
568 4197 653 4250 omnis
669 4196 803 4252 difficultas
818 4197 870 4252 tol·

342 4281 413 4336 litur.
431 4283 481 4336 Sed
497 4303 522 4336 v.
539 4285 642 4336 Comm.

378 4371 465 4422 t9.20.
480 4367 590 4421 Astraea
599 4373 704 4430 recessit,
719 4367 872 4420 Harmmite

342 4465 414 4526 atqu
427 4455 491 4507 duae
506 4471 532 4523 p.
546 4449 574 4526 s
597 4473 617 4506 r.
638 4451 873 4523 interpungendum

963 2949 1004 2996 23.
1020 2950 1059 2996 24.
1078 2945 1110 2996 Πί
1129 2963 1215 2998 versus
1230 2945 1412 3014 transponendi
1425 2945 1465 3000 vi·

929 3024 1056 3078 debentur
1071 3025 1214 3080 Schradero
1234 3027 1261 3079 in
1279 3027 1416 3080 emendatt.
1437 3047 1463 3098 p.

931 3116 986 3163 439.
1003 3115 1058 3164 440.
1067 3121 1092 3162 et
1103 3111 1183 3165 nobis.
1193 3110 1243 3165 Sed
1254 3113 1462 3178 nuneordinem,

922 3211 980 3260 -quo
995 3191 1115 3264 leguntur
1125 3191 1154 3246 in
1164 3194 1285 3248 omnibus
1299 3194 1380 3260 libris,
1389 3213 1465 3268 prae-

928 3283 968 3326 ter
984 3283 1024 3329 43.
1033 3315 1042 3339 ,
1066 3275 1137 3331 cuius
1154 3275 1226 3329 nulia
1246 3287 1284 3330 eet
1305 3279 1462 3342 auctoritas,

928 3357 1100 3425 restituimus,
1135 3359 1256 3414 suadente
1290 3361 1353 3415 Acir.
1386 3361 1463 3416 eont.

927 3443 1031 3498 Comm.
1056 3446 1122 3498 Nota
1139 3463 1201 3498 vero
1224 3445 1300 3500 Hein.
1323 3455 1361 3498 est
1384 3443 1463 3498 haee:

930 3528 1090 3580 uVerissima
1106 3527 1421 3594 Schraderileoniectura,
1441 3529 1464 3581 ei

918 3617 1034 3680 'uterque
1058 3629 1146 3664 versus
1169 3611 1300 3664 luvenalis
1330 3622 1378 3664 est.
1410 3607 1464 3664 Sed

927 3713 1016 3748 versus
1028 3700 1069 3748 24.
1088 3695 1215 3748 Viderunt
1226 3717 1254 3765 p.
1267 3715 1291 3746 α.
1305 3713 1327 3748 s.
1345 3695 1463 3748 maesto·

924 3781 1036 3848 spurium
1054 3778 1091 3831 nil
1106 3788 1144 3832 est
1156 3779 1226 3830 enim
1239 3779 1287 3852 nisi
1302 3797 1374 3831 mera
1385 3797 1463 3850 repe-

924 3861 980 3916 titio
1000 3881 1106 3927 aorum,
1132 3881 1196 3931 quae
1213 3863 1266 3914 iam
1288 3881 1365 3932 supra
1390 3863 1461 3916 dicta

923 3957 1005 4000 erant.
1018 3967 1028 3999 u
1062 3947 1192 4018 Equidem
1206 3946 1294 4000 malim
1311 3966 1402 4000 versus
1415 3951 1462 4001 24.

923 4040 949 4084 et
967 4036 1008 4082 22.
1029 4048 1124 4100 ponere
1145 4041 1201 4099 post
1218 4048 1245 4082 v.
1262 4035 1302 4082 23.
1319 4035 1362 4082 24.
1382 4041 1410 4084 et
1431 4032 1461 4083 in

922 4114 1007 4166 fronte
1029 4115 1151 4168 orationis
1164 4113 1197 4166 ad
1217 4113 1370 4168 Postumum
1391 4109 1462 4167 eors-¹

922 4217 1019 4252 versae.

956 4288 997 4338 28.
1011 4282 1037 4338 O
1049 4283 1168 4338 Porutme
1185 4283 1461 4338 mount-dnm

924 4374 964 4421 42.
982 4375 1021 4423 45.
1044 4377 1085 4426 47.
1109 4375 1149 4426 49.
1168 4373 1210 4426 22.
1238 4369 1358 4424 ¹15&st
1379 4365 1459 4422 codd.

924 4451 1004 4510 Paris.
