3120 5494
583 394 801 458 PROLOGVS

129 589 224 684 Quis
242 586 430 694 expedivit
450 592 609 696 psittaco
628 620 737 670 suum
753 603 868 699 χαῖρε,

48 760 51 766 .
127 703 314 808 Picasque
338 704 470 781 docuit
495 707 610 783 verba
636 728 765 786 nostra
785 713 939 787 conari?

127 823 310 923 Magister
328 825 416 900 artis
443 825 647 926 ingenique
673 825 832 930 largitor

127 939 296 1030 Venter,
321 958 472 1044 negatas
493 940 626 1016 artifex
644 947 751 1047 sequi
772 970 892 1022 voces

125 1055 243 1150 Quod
260 1059 290 1133 si
309 1056 430 1133 dolosi
449 1079 533 1164 spes
555 1057 747 1134 reiulserit
764 1064 930 1152 nummi,

126 1173 271 1250 Corvus
295 1182 426 1278 po'e‘tas
443 1192 481 1248 et
499 1175 664 1279 poetriae
685 1175 787 1279 picas
965 1169 970 1180 ’

126 1289 290 1364 Cantare
310 1287 441 1366 credas
467 1293 683 1394 Pegaseium
709 1305 871 1398 nectar.¹

126 1529 299 1584 servabantur
322 1531 351 1583 in
363 1528 517 1604 bibliotheca
537 1531 663 1603 Apollinis
714 1533 884 1604 Hasprimnm
897 1531 982 1586 audiet
987 1549 1057 1604 pater,
1069 1529 1156 1586 hmo
1167 1525 1245 1586 verba

127 1611 255 1677 Palatini,
282 1631 334 1683 quo
358 1625 474 1668 suctores
501 1615 593 1685 scripta
617 1635 662 1669 sua
714 1637 727 1668 e
748 1636 834 1688 angere
857 1619 981 1670 imitando
1005 1618 1141 1670 wnabitur.
1174 1618 1244 1670 Rene

128 1695 233 1749 deferre
250 1707 275 1749 et
288 1695 393 1750 recitare
406 1697 529 1752 solebant.
543 1701 597 1752 ilco
609 1718 662 1754 uon
713 1703 801 1774 itaque
812 1701 862 1756 boc
880 1701 912 1754 de
925 1720 973 1756 ave
985 1701 1090 1768 dicitur,
1103 1719 1184 1774 quam
1196 1701 1244 1754 bo·

129 1780 258 1852 displicet,
272 1800 363 1834 rerum
375 1801 439 1835 eave
451 1782 590 1848 existimes,
600 1785 662 1838 Per·
713 1785 798 1838 mines
810 1785 1050 1839 condocefeciebsnt
1062 1803 1138 1839 voces
1157 1802 1244 1838 corum

127 1863 200 1918 oum
227 1865 260 1918 de
280 1865 407 1920 delatione
434 1868 557 1920 carminis
572 1869 612 1922 sui
634 1869 663 1923 in
712 1869 937 1939 recitando,quss
950 1867 1104 1928 imitaretur.
1121 1869 1245 1922 Ceterum
1313 1920 1317 1937 ,

125 1945 194 2004 illud
212 1949 339 2022 templum
355 1961 382 2005 et
402 1949 434 2006 de
451 1951 599 2006 recitatione
615 1971 659 2006 co·
712 1951 745 2005 ad
757 1949 847 2005 lusum
860 1949 1020 2021 pertinebat,
1039 1953 1156 2021 psittacos
1176 1948 1246 2002 alere

128 2033 234 2106 gitasse.
712 2047 740 2089 et
752 2039 821 2107 pices
829 2073 839 2101 ,
853 2045 884 2090 ut
899 2036 1022 2090 intrantes
1046 2033 1156 2090 domum
1171 2032 1244 2088 salu·

165 2121 257 2171 8-44,
272 2117 380 2172 subiicit
396 2117 497 2172 Persius
517 2119 662 2187 rationem,
713 2129 806 2174 tarent.

128 2196 356 2269 quidsit‚quod,
377 2219 458 2268 quum
478 2218 530 2254 non
544 2201 576 2254 sit
587 2199 663 2272 potita
683 2269 687 2277 Ι
748 2209 788 2258 40.
802 2205 930 2274 Magister
942 2205 1009 2256 ortis.
1036 2203 1132 2254 Fames
1151 2215 1245 2271 nempe

128 2279 260 2348 initiatus,
276 2284 391 2335 carmina
408 2283 518 2336 scribere
534 2284 663 2338 nibilomi·
712 2305 804 2340 omnes
818 2286 851 2339 sd
865 2285 954 2340 omnin
962 2283 1056 2339 dociles
1065 2283 1160 2338 reddit.
1207 2286 1245 2336 irt-

126 2381 179 2418 nus
193 2365 293 2418 audeat.
318 2368 384 2420 Sunt
397 2366 461 2420 aliae
483 2386 525 2420 res
531 2407 541 2432 ,
563 2369 662 2441 inquit,
711 2373 781 2442 gerris*
792 2369 819 2422 b.
833 2369 851 2421 Ι.
863 2369 992 2422 saerrltatis
1003 2365 1126 2440 poenosa

128 2455 235 2516 praeter.
243 2461 413 2517 memoratas,
438 2469 504 2521 quae
528 2452 661 2522 ingenium
748 2460 787 2506 44.
806 2455 903 2524 artsfee
917 2455 1003 2522 aequi,
1028 2453 1127 2504 Graeca
1149 2459 1244 2504 constr.

127 2526 281 2585 horninibus
295 2531 382 2604 largiri
402 2531 514 2598 soleant,
540 2535 622 2588 tames
635 2547 662 2590 et
712 2545 738 2590 et
751 2534 898 2607 duriuscule
911 2553 974 2604 pro:
992 2533 1082 2586 artilex
1096 2533 1125 2585 ln
1143 2531 1243 2585 condo·

127 2614 187 2667 suri
203 2635 268 2685 spes.
293 2619 362 2670 ilaec
384 2618 420 2672 ita
441 2617 546 2681 extulit,
571 2631 600 2673 ut
616 2639 661 2674 eae
711 2617 875 2679 cefacieudo.
892 2624 1077 2688 utrequantur,
1099 2613 1242 2684 adsequan-

125 2716 236 2760 eausae.
252 2716 317 2773 quas
340 2701 449 2772 exempli
467 2713 567 2757 tantum
579 2703 661 2775 gratis
712 2712 771 2767 tur,
788 2704 941 2773 exprimant.
969 2701 1018 2754 Per
1034 2699 1129 2773 gradus
1149 2699 1245 2752 Noster

126 2781 265 2853 protulisse
277 2785 362 2838 videri
376 2785 448 2851 vult,
460 2787 492 2839 sd
504 2786 562 2840 illos
575 2789 661 2858 po'e‘tas
712 2785 779 2840 bene
793 2785 908 2856 adsurgit
928 2783 961 2838 sd
985 2784 1040 2838 vim
1061 2783 1137 2837 lamis
1157 2787 1242 2853 eapri·

124 2867 261 2921 transferri
284 2886 357 2938 posse
376 2868 525 2936 videantur,
547 2881 661 2942 tectaque
712 2869 852 2936 mendam
867 2885 896 2921 ea
911 2886 964 2920 non
981 2866 1066 2921 solum
1081 2867 1159 2920 rudes
1172 2869 1245 2918 iusti·

124 2949 258 3018 innuatur,
270 2953 332 3022 quid
348 2955 449 3024 proprie
460 2951 661 3026 intelligendum
711 2963 785 3008 tuere
806 2955 945 3024 (magister
955 2955 1036 3021 ortis)
1056 2969 1149 3004 vuum
1166 2948 1244 3003 etiarn

124 3034 174 3100 sit,
197 3055 279 3106 quum
307 3037 345 3090 illi
371 3036 534 3108 gloriantur,
563 3059 590 3093 se
614 3061 656 3094 so·
712 3038 787 3110 plane
805 3038 903 3108 ineptos
928 3049 1002 3110 aptos
1027 3033 1135 3090 reddere·
1164 3045 1246 3105 potest

123 3121 237 3174 rnniane
262 3119 290 3174 in
316 3124 426 3175 Parnaso
449 3130 493 3176 aut
512 3123 606 3177 bibisse
628 3141 659 3178 ea
711 3125 827 3193 (irsgersii
844 3121 988 3192 largitor),
1007 3121 1086 3192 quin,
1109 3117 1180 3192 ipsud
1193 3113 1267 3170 na·x

124 3203 293 3274 Hippocrene.
397 3219 399 3223 ·
712 3205 890 3259 turnomnino
906 3203 981 3256 alieni
1006 3203 1124 3274 negavit,
1144 3203 1169 3255 ei
1188 3199 1243 3254 las·-

159 3291 195 3352 8,
215 3293 240 3343 9.
265 3285 315 3341 vet
342 3277 433 3342 natura
456 3289 567 3344 infantes
590 3291 661 3344 sams
711 3287 771 3360 piri.
816 3301 920 3357 negatus
933 3293 1110 3340 emanatura·

107 3365 277 3439 'eloquentes
292 3368 444 3422 redduntur.
466 3369 522 3424 Hoc
542 3373 662 3442 expressit
746 3376 788 3425 42.
801 3372 928 3443 refulserit
946 3385 1013 3441 prot
1041 3377 1167 3422 ostentata
1194 3367 1244 3426 tit.

123 3450 297 3505 similitudine
313 3472 328 3505 a
349 3453 455 3522 psittaco
470 3461 495 3506 et
514 3453 569 3524 pica
582 3473 654 3506 sum·
712 3451 754 3507 vel
768 3473 782 3506 a
796 3451 869 3506 stelle
880 3451 1001 3516 salutari,
1017 3469 1084 3524 quae
1096 3450 1180 3504 noratis
1195 3463 1242 3502 su-

123 3544 186 3604 pta,
206 3553 272 3606 quas
285 3535 364 3606 vulgo
381 3535 412 3588 sd
429 3536 568 3589 imitandas
586 3556 660 3591 voces
712 3533 766 3590 bito
786 3536 815 3589 in
838 3543 989 3608 tempestate
1006 3529 1127 3606 adparet,
1151 3531 1192 3586 vel
1212 3532 1244 3586 ab

122 3613 253 3670 humanas
269 3617 493 3684 condocefeciunt,
513 3637 559 3689 per
575 3619 656 3672 inter·
712 3621 771 3674 auri
789 3629 815 3672 et
840 3619 939 3692 argenti
971 3617 1073 3690 fulgore
1101 3626 1243 3686 sumptum.

123 3702 293 3772 rogationem.
321 3701 384 3772 Quis
403 3703 528 3772 expedivit
551 3707 661 3775 psittaco
712 3705 807 3756 nummi
815 3703 915 3766 dolosi3
928 3699 972 3773 qui
983 3701 1102 3756 homines
1114 3699 1186 3769 qussi
1198 3699 1245 3750 cir⁴

122 3781 317 3855 l.e.quissecit
325 3825 335 3851 ,
349 3797 377 3839 ut
389 3789 509 3858 psittacus
520 3786 593 3841 facile
606 3786 659 3841 elo·
709 3785 860 3839 conventre
880 3793 906 3836 et
921 3783 952 3836 ad
969 3783 1150 3855 eaperdncere
1160 3779 1241 3842 solet,
1338 3819 1342 3826 .

93 3875 98 3882 '
123 3879 257 3938 queretur.
304 3877 397 3944 χαῖρε,
411 3871 577 3926 humanitatis
597 3891 657 3926 rer·
709 3869 741 3925 ad
755 3887 819 3940 quae
833 3869 884 3941 apti
897 3885 949 3922 non
963 3877 1031 3922 sunt.

123 3951 205 4018 buna,
229 3973 282 4023 quo
293 3955 413 4025 psittacus
426 3957 553 4010 intrantes
566 3953 661 4010 saluta·
745 3961 787 4027 43.
807 3946 898 4020 Curius
913 3953 1000 4022 politos
1012 3964 1036 4004 et
1045 3953 1155 4021 poitriar
1165 3951 1243 4020 pite-t·

57 4101 65 4110 ,
123 4033 177 4088 bat.
201 4037 278 4089 uerba
305 4053 404 4103 nostru,
430 4057 504 4094 voces
524 4038 659 4091 humanas.
711 4037 910 4108 maresirrrptos
924 4035 956 4090 ad
979 4036 1066 4106 poiisin
1088 4043 1115 4088 et
1133 4031 1243 4085 feminas

122 4124 212 4172 couvi
221 4158 230 4186 ,
250 4139 310 4173 cum
324 4119 440 4190 delectu3
458 4123 659 4176 mnanrurenim
711 4120 863 4193 garrulitate
879 4130 982 4174 uatum
995 4118 1117 4192 insignes.

123 4221 171 4268 ea,
183 4201 212 4254 in
229 4202 321 4272 quibus
335 4205 478 4274 periculum
491 4205 614 4266 facimus,
633 4214 660 4258 et
744 4207 784 4254 44.
799 4201 949 4272 Pegaseum
961 4210 1052 4251 nectar.
1070 4195 1168 4251 Nectar
1180 4193 1207 4247 h.
1222 4192 1241 4246 l.

124 4303 237 4354 quorum
251 4287 468 4358 perficiendorum
486 4289 593 4343 facultas
607 4289 655 4342 ad·
709 4284 850 4358 legendum
862 4298 918 4338 este
937 4285 992 4338 inm
1010 4279 1128 4334 Bartbius
1141 4279 1243 4332 monuit

124 4365 176 4420 buc
191 4367 264 4424 nobis
278 4368 356 4424 deest.
382 4368 492 4438 Quintil.
515 4371 575 4426 lust.
593 4374 657 4435 l,t.
709 4357 1243 4440 adCalpurn.Sie.Eclog.1V‚t5t.Ne·
1300 4390 1301 4394 =
