3028 5492
366 389 601 462 aoarsavu
635 393 908 464 ntvsasoavn
1081 363 1200 468 lxxv

73 605 180 681 aaut,
200 593 243 666 ds
263 596 375 688 quibas
395 598 489 688 igitur
507 597 605 672 libera
625 607 657 671 at
676 609 782 692 aperte
801 595 887 693 loqui
907 617 997 672 neno
1018 599 1200 688 verebitur,

77 699 254 790 praesertim
275 702 308 762 ia
329 697 551 788 elegantiarum
571 713 603 768 ot
621 701 856 768 delicatulurnm
878 701 1012 770 circulis.
1028 703 1199 771 Honestatis

77 798 221 888 quidem,
243 798 365 863 decoris
384 809 416 862 et
437 801 563 885 pudoris
584 801 613 864 vi
635 801 730 885 magis
750 802 893 881 exculta,
914 802 959 880 il,
977 799 1031 888 qni
1060 804 1200 888 gravitati

78 907 104 960 et
120 897 265 980 dignitati
286 896 469 972 studerent,
492 919 509 960 a
529 896 634 959 multis
654 896 778 981 quidem
799 896 888 961 dictis
902 897 960 960 sibi
973 907 1202 980 temperarunt,

78 1009 148 1076 qnae
178 991 390 1063 multitudinis
419 991 538 1054 levitati
569 1003 599 1055 et
627 991 809 1076 petulantiae
829 1014 951 1078 semper
970 993 1202 1076 probabantur,

81 1098 110 1150 ut
134 1087 269 1150 Periclis
302 1098 442 1172 tempore
471 1089 679 1172 Aristophanis
710 1089 770 1151 ioci
800 1091 913 1170 impuri
943 1088 1201 1165 atheniensibus,

84 1183 179 1270 quibus
202 1183 379 1246 honestatis
399 1193 562 1269 praecepta
583 1185 724 1246 Socrates
745 1185 914 1247 tradiderat
934 1205 1071 1271 quosque
1099 1185 1200 1269 pulcri

87 1291 113 1344 et
135 1280 280 1347 decoris,
294 1302 384 1344 sensu
411 1281 533 1344 Phidias
560 1281 721 1344 imbuerat.
742 1282 881 1344 Omnino
901 1291 1001 1344 sutem
1022 1285 1104 1346 inter
1122 1282 1205 1345 libe-

86 1377 146 1441 rslss
179 1378 274 1440 iocos
304 1378 416 1441 lasciva
437 1399 560 1462 quoquo
596 1387 626 1440 et
645 1399 679 1440 ea
701 1377 911 1453 habebantur,
933 1401 1066 1462 quorum
1088 1379 1205 1441 mentio

83 1475 207 1554 ugone
229 1473 370 1534 instituto
392 1493 479 1536 nuno
499 1473 646 1535 ruborem
668 1471 859 1547 offunderet,
890 1495 1074 1558 quamquam
1096 1497 1112 1534 a
1132 1474 1207 1558 pbi-

80 1568 273 1651 bsopborum
305 1569 584 1652 disputationibus,
614 1569 832 1632 historicorum
854 1571 1000 1651 gravitate
1020 1579 1052 1632 et
1073 1591 1129 1632 usn
1150 1571 1207 1630 io-

79 1667 151 1729 rensi
186 1665 308 1740 aliena,
336 1668 435 1750 poetis
459 1677 560 1727 tameo
591 1667 625 1728 in
652 1665 760 1750 primis
780 1685 948 1738 conoessa3
971 1687 1066 1749 eaque
1087 1687 1126 1728 ex
1146 1665 1206 1728 illis

79 1762 188 1824 subiato
212 1763 312 1838 aelle,
334 1771 385 1824 ant
406 1761 479 1825 vitio
499 1761 557 1822 illis
578 1761 672 1836 dare,
693 1761 901 1822 absurdissimi
929 1761 1041 1824 fastidii
1063 1762 1207 1825 arbitror.

79 1857 166 1938 Quod
197 1860 226 1920 si
259 1859 356 1941 igitur
376 1857 511 1933 Ouidio,
530 1856 668 1932 Catullo,
687 1857 821 1919 Martiali
843 1857 1029 1942 reliquisque
1051 1859 1149 1942 potitis
1170 1877 1206 1919 ea

81 1955 162 2020 senia
181 1955 289 2017 danda
309 1949 354 2017 esi
374 1955 413 2014 ab
433 1954 596 2028 omnibns,
619 1953 674 2036 qui
695 1954 727 2014 ia
749 1952 886 2036 legendis
906 1955 1081 2038 priscorum
1105 1955 1210 2016 moni·

85 2049 187 2112 mentis
218 2059 325 2112 mente
346 2058 377 2111 et
397 2049 584 2132 cogitatione
604 2069 711 2110 eorum
733 2057 928 2132 temporum,
951 2049 1062 2132 quihus
1082 2051 1210 2134 quisque

85 2147 260 2232 scripserit,
294 2149 445 2210 rationem
478 2155 669 2230 praesentem
690 2144 748 2208 sibi
770 2145 886 2228 fingere
906 2145 1028 2224 sciant,
1047 2157 1081 2210 nt
1102 2147 1214 2228 lascire

87 2242 237 2304 interdum
258 2242 366 2303 ludant
386 2261 559 2325 parumque
580 2239 689 2323 paulice
711 2238 898 2322 loquantur;
926 2248 1043 2324 quanto
1064 2243 1212 2306 maiorem
1253 2295 1257 2304 .

88 2339 310 2401 mensatioaem
341 2338 455 2398 satirici
481 2336 617 2412 babent,
638 2336 691 2419 qui
712 2335 744 2395 in
766 2357 871 2398 rerum
891 2337 1086 2419 turpitudine
1106 2339 1213 2421 exagi-

1 2419 2 2468 Ὗ
92 2433 184 2496 tanda
211 2433 263 2508 id,
295 2431 380 2516 quod
409 2429 466 2492 sihi
487 2439 727 2514 proposuerant,
750 2429 813 2491 risu
835 2429 931 2511 magis
953 2439 984 2490 et
1005 2430 1093 2504 ioco,
1117 2454 1212 2514 quam

93 2529 259 2591 austeritate
283 2537 317 2590 et
347 2527 505 2591 severitate
536 2526 681 2609 consequi
701 2534 821 2608 queant.
841 2524 971 2600 Omnia,
990 2545 1067 2608 quae
1088 2527 1119 2587 iu
1141 2529 1213 2589 Ho-

90 2627 167 2688 ratio
185 2626 272 2687 obvia
292 2633 374 2698 sunt,
394 2643 532 2708 quaeque
552 2624 703 2684 obscoena
720 2629 751 2682 et
769 2620 871 2703 turpia
893 2641 976 2681 nuuc
997 2641 1163 2699 vocamus,
1175 2645 1210 2686 ea

86 2720 255 2802 cogitemus
285 2740 302 2778 a
329 2717 409 2780 uitae
429 2717 578 2798 elegantia
599 2715 765 2778 lautioram
787 2717 998 2776 Romanorum
1020 2737 1213 2800 nequaqnam

86 2823 158 2875 tuuc
189 2813 409 2888 abhorruisse,
442 2833 542 2895 neque
573 2810 713 2894 ingenuis
745 2818 777 2870 et
795 2809 972 2871 liberalibus
992 2809 1066 2871 airis
1087 2811 1213 2894 indigna

10 2993 17 3002 Ι
86 2909 176 2970 fuisse
195 2908 386 2980 existimatus
410 2928 467 2969 nec
487 2907 525 2968 ud
546 2906 706 2968 sanctioris
736 2903 914 2987 disciplinae
935 2914 1117 2988 praecepta,
1137 2929 1214 2991 quae

85 3013 116 3065 st
133 3006 246 3066 literae
267 3024 372 3066 sacrae
392 3011 423 3064 et
443 3001 631 3076 emendatior
653 2999 842 3083 philosophia
863 2999 952 3061 nohis
979 2999 1158 3079 inculcant,
1180 3025 1215 3066 ea

2 3149 3 3182 3
85 3123 288 3178 revocemus,
308 3121 385 3184 quaa
404 3095 534 3161 liberior
555 3097 674 3159 vivendi
696 3097 774 3158 ratio
789 3097 1013 3174 Romanorum,
1026 3097 1153 3182 pudoris
1167 3098 1215 3162 le-

84 3198 175 3280 gibus
194 3218 261 3258 non
282 3205 342 3256 man
363 3194 523 3268 adstricta,
539 3193 657 3254 tulerat.
679 3202 691 3267 (
707 3193 906 3275 Quapropter
919 3202 951 3254 et
964 3195 1006 3270 ii,
1021 3195 1074 3277 qui
1089 3195 1215 3260 liberius

84 3291 212 3356 vivendi
232 3313 328 3376 genus
348 3291 444 3376 potitis
464 3291 674 3352 Romanorum
695 3287 979 3371 exprobraverunt,
1001 3289 1106 3374 inique
1120 3293 1215 3377 egisse

85 3386 258 3461 ridentur,
286 3407 343 3446 nec
376 3384 540 3468 sapientius
574 3383 611 3458 ii,
640 3383 713 3466 qni,
744 3403 833 3444 caasa
862 3403 970 3444 eornm
991 3395 1149 3469 suscepta,
1177 3411 1216 3452 ex

85 3483 212 3567 scriptis
244 3481 394 3544 iudicium
425 3480 464 3542 do
496 3479 633 3541 moribus
668 3477 797 3541 alicuius
828 3479 1004 3542 faciendum
1035 3503 1099 3545 non
1130 3505 1218 3562 esse,

3 3651 4 3656 η
86 3581 331 3665 perhibuerunt.
351 3577 438 3655 Quae
457 3576 540 3637 enim
561 3575 598 3637 ad
620 3575 786 3638 honestatis
806 3576 975 3654 rationem,
997 3589 1073 3644 tunc
1093 3603 1147 3644 usn
1161 3605 1217 3646 re-

3 3677 4 3688 *
87 3687 218 3760 neptam
249 3685 280 3738 et
312 3671 555 3748 consuetudine,
585 3671 677 3734 relata
709 3672 793 3734 bono
814 3673 881 3735 viro
902 3683 933 3736 ct
952 3674 1073 3738 liberali
1094 3679 1218 3763 indigna

4 3793 5 3802 ¹
87 3797 159 3837 non
193 3781 302 3848 erant,
331 3791 441 3833 eornm
476 3769 673 3851 exprobratio
691 3767 804 3829 iniusta
824 3779 870 3831 est
888 3779 920 3830 et
939 3771 1039 3853 inepta
1059 3773 1219 3853 defensio)

4 3883 5 3930 t
87 3869 251 3935 luvenalis
279 3889 384 3930 rerum
412 3864 632 3947 turpitudinem
663 3863 832 3925 verborum
862 3865 1068 3929 obscoenitate
1087 3870 1162 3936 adeo
1181 3877 1220 3942 de

4 3937 7 4016 l
86 3964 249 4028 industria
281 3961 422 4045 persequi
452 3959 594 4034 videtur,
624 3967 657 4019 ut
680 3957 773 4031 facile
790 3959 955 4041 appareat,
978 3958 1009 4020 id
1029 3963 1123 4044 egisse
1143 3977 1220 4051 pos.

5 4079 6 4122 ῑ
89 4073 180 4135 tam,
205 4069 239 4122 nt
258 4059 295 4121 ab
314 4057 373 4120 illis
392 4056 566 4119 deterrimis
585 4053 747 4118 libidinum
768 4053 930 4137 generibus
949 4055 1077 4120 lectores
1097 4063 1222 4129 abster-

5 4229 7 4282 l

88 4169 204 4242 reret,
234 4155 397 4219 sceleratos
422 4162 454 4214 et
480 4152 700 4215 abominandos
736 4151 875 4213 homines
901 4152 933 4212 in
955 4153 1099 4216 invidiam
1120 4161 1224 4226 adda.

5 4301 6 4304 =
87 4264 185 4320 ceret
205 4251 477 4336 gravissimamque
497 4249 642 4330 infamiae
662 4256 765 4308 uotam
787 4247 823 4309 iis
844 4247 991 4311 inureret.
1005 4252 1085 4316 Huic
1098 4262 1225 4326 consilio

90 4371 230 4439 qnoque
250 4347 441 4432 aptissimum
462 4345 546 4423 tuit,
567 4345 591 4406 si
613 4343 690 4426 quid
711 4343 825 4420 iudico,
845 4341 918 4408 illud
940 4365 1067 4412 nauseae
1093 4373 1226 4420 mosen.

88 4452 151 4520 das
189 4446 354 4532 stadium,
373 4443 457 4536 qaod
482 4442 515 4514 in
535 4440 699 4510 nonnullis
716 4441 791 4512 locis
810 4439 932 4514 elucere
950 4441 1097 4538 ridetur,
1118 4473 1229 4540 quarn-
