3028 5492
519 395 744 454 rvvnnanrs
1119 363 1195 454 xci

6 614 7 670 j
77 589 160 654 Zeit.
183 590 271 671 1796.
289 589 326 650 N.
350 586 416 650 153.
424 597 448 664 ).
467 589 615 652 Permulti
635 587 686 652 alii
706 598 915 652 memorantur
934 590 967 652 in
987 589 1196 654 bibliothec·-

6 681 7 706 ¹
79 707 151 748 runs
180 682 324 766 catalogis
354 685 640 768 commentariiaqne
668 685 805 750 uirorum
826 685 1011 760 doctorum,
1032 689 1197 772 praecipua

79 780 113 838 in
132 777 356 838 montfauconii
377 777 522 839 Biblioth.
550 778 642 841 MSS.
662 799 800 840 necnon
821 797 873 840 aex
893 777 1049 840 Vratislss.
1069 788 1100 840 et
1119 782 1197 842 toti-

6 857 7 868 *
81 875 152 935 darn
186 873 364 934 Hainienses
394 871 426 933 in
458 875 630 935 Heinriclrii
659 882 855 936 commentat.
875 873 899 933 l.
911 872 942 934 in
964 873 1113 936 luvenalis
1132 875 1197 938 sar.

84 967 146 1030 ttil.
170 969 256 1032 1806.
279 968 438 1030 Praeterea
458 967 608 1030 variantes
628 967 737 1050 viginti
757 965 898 1030 codicum
932 965 1110 1030 lectionesa
1136 969 1197 1034 do-

84 1063 163 1126 ctiss.
201 1061 364 1124 Schwabio
387 1063 481 1124 Cour.
503 1064 615 1146 Gymn.
637 1063 767 1136 vicar..
789 1083 807 1124 a
827 1083 889 1146 qno
908 1061 1068 1126 consilium
1089 1063 1198 1126 edendi

5 1225 6 1234 χ
86 1157 232 1219 luvenalis
251 1157 405 1218 abiectum
426 1167 491 1234 cst,
511 1157 627 1240 accepit
646 1159 679 1220 S.
690 1157 730 1218 V.
744 1158 880 1235 Gurlitt,
899 1159 958 1219 Dr.
985 1157 1092 1220 Theoi.
1113 1161 1199 1223 Prot.

5 1243 6 1288 3
86 1265 115 1318 ct
133 1255 279 1316 Diroctor
298 1254 414 1335 Gymu.
435 1253 623 1336 liunberg„
641 1253 696 1336 qui
717 1253 751 1314 in
770 1253 868 1316 literis
888 1252 926 1314 ad
941 1273 989 1316 ma
1002 1251 1079 1316 datia
1092 1275 1198 1318 carnus

84 1348 259 1434 propediem
280 1349 312 1410 in
334 1349 463 1432 proluse-
486 1347 626 1414 anholant.
647 1348 901 1432 divulgandurnm
925 1369 1009 1433 spem
1031 1349 1113 1412 fecit.
1133 1349 1199 1412 Co·

4 1499 6 1512 .
87 1445 166 1506 diccs'
198 1443 243 1504 illi
275 1452 368 1505 aunt:
396 1443 459 1506 duo
490 1443 729 1506 Zwiccasieuses
761 1453 919 1526 (quorum
952 1443 1027 1506 alter
1046 1443 1119 1506 olim
1141 1445 1201 1508 init

86 1539 199 1601 Theod.
233 1539 453 1614 Pulmanni),
480 1539 755 1622 Noviomagensia‚
782 1538 971 1622 Miggrodit,
998 1539 1199 1602 Schurasseis·

4 1619 5 1654 l
87 1635 209 1696 cbisnua
230 1657 253 1696 s.
274 1633 484 1708 vinariensis,
501 1633 562 1696 duo
583 1622 838 1714 llamburgenscs,
858 1635 1199 1718 Chemuicensis,quiu·

3 1729 4 1732 ’
86 1751 139 1812 que
166 1729 333 1791 Leidenaes
364 1727 620 1812 (Lugdunensis,
649 1729 804 1802 l’eriaou.,
826 1727 962 1812 Philipp.
983 1739 1014 1790 ct
1033 1729 1094 1792 duo
1114 1729 1199 1792 Vos-

3 1871 4 1908 3
85 1825 155 1886 anni
169 1868 180 1900 ‚
202 1825 237 1884 in
259 1823 357 1886 Catal.
377 1825 453 1888 nint.
467 1825 552 1886 Laid.
565 1848 594 1908 p.
607 1825 666 1887 325
681 1823 710 1884 h.
726 1827 786 1907 494
800 1847 828 1884 a.
845 1825 907 1904 374
918 1845 944 1885 a.
959 1824 1019 1904 373
1032 1847 1058 1886 a.
1072 1825 1132 1908 378
1146 1833 1199 1900 n),

3 1997 4 2004 ἵ
86 1919 287 1980 liuttendorfii
307 1943 329 1982 a.
351 1921 494 1982 withofii
505 1961 517 1994 ,
530 1920 718 1982 Luuhnenais
733 1927 746 1992 (
760 1919 812 2002 qui
824 1919 980 2002 quondam
995 1920 1051 1982 init
1064 1920 1198 1982 Christio

2 2011 4 2050 ³
85 2016 161 2077 Prot.
193 2016 297 2098 tipo,
330 2025 394 2076 tum
416 2015 568 2076 lllnstriss.
590 2014 629 2077 de
649 2016 733 2078 Zecb
754 2025 785 2076 et
804 2014 917 2078 deiude
938 2016 1099 2091 Lauhuio,
1118 2037 1197 2076 con-

2 2115 3 2124 ’
85 2108 191 2169 siliario
212 2109 313 2169 aulico
333 2109 540 2170 Teustadiensi
562 2109 593 2168 iu
616 2129 694 2190 pago
720 2108 961 2188 Thuringicu)‚
982 2108 1044 2170 duo
1063 2109 1197 2170 Gothani
1244 2103 1252 2120 ⁸

84 2212 112 2262 et
130 2213 192 2263 tres
212 2207 492 2284 Argentoratensem
513 2205 593 2265 Octo
614 2204 731 2285 priores
751 2224 767 2262 u
788 2203 884 2266 Gottl.
896 2205 1003 2266 Curtio
1016 2214 1046 2266 ot
1060 2205 1196 2285 quinque

2 2297 3 2322 ³
84 2297 245 2360 Leidenses
264 2323 283 2360 u
304 2301 346 2360 lo.
367 2299 541 2364 Schrndcro
561 2299 722 2381 diligenter
742 2300 816 2368 olim
837 2300 951 2362 excussi
964 2309 1051 2374 sunt,
1068 2299 1195 2380 quidam

85 2413 159 2453 reru
186 2395 244 2454 iam
278 2416 294 2454 a
316 2393 402 2456 nobis
421 2393 469 2456 v'el
490 2393 555 2454 nliis
575 2392 698 2469 colluti,
718 2404 749 2456 et
768 2397 1036 2474 Argentorntenses
1056 2415 1119 2454 non
1138 2391 1196 2454 uisi

87 2486 119 2548 iu
140 2487 250 2550 duabus
270 2488 379 2548 Satiris
401 2487 553 2570 prioribus
574 2487 749 2570 comparati.

1 2629 2 2660 p
125 2583 172 2642 Ex
199 2590 240 2641 tot
264 2581 449 2642 membranis
476 2581 614 2644 nonduin
647 2579 790 2663 inspectis
809 2601 919 2644 novum
937 2600 1065 2664 eumque
1083 2579 1195 2662 ingen·

1 2665 2 2694 ¹
82 2685 141 2738 tem
163 2679 316 2739 variarum
337 2677 500 2740 lectionum
521 2675 568 2740 sel
590 2678 687 2760 potius
707 2678 850 2738 vitiorum
869 2697 1071 2760 errorumque
1084 2677 1194 2738 molem

82 2773 206 2854 congeri
226 2794 341 2856 posse,
361 2794 424 2834 uon
445 2784 491 2836 cet
511 2771 593 2858 qnod
607 2772 790 2834 dubitemus.
805 2774 870 2834 Noc
885 2781 984 2834 tamen
999 2771 1195 2848 crediderim,

86 2869 218 2929 multum
239 2868 312 2932 inde
333 2869 371 2930 ad
391 2877 513 2952 potitam
538 2880 674 2931 noatrum
695 2869 811 2930 lrnctus
830 2867 1002 2930 rediturum
1024 2889 1097 2930 ease.
1117 2870 1196 2930 Nam

82 2963 199 3026 codices
221 2964 373 3026 luveuslis
392 2965 482 3048 longa
502 2965 662 3026 maximam
682 2975 796 3046 partam
815 2972 887 3026 aunt
900 2963 1086 3026 recentiores
1100 2984 1197 3047 nequo

81 3057 185 3138 digni,
222 3059 334 3142 quibus
363 3059 574 3140 comparandis
604 3060 769 3142 quidquam
789 3059 983 3146 temporisyet
1000 3079 1112 3142 operae
1132 3060 1196 3118 iru-

81 3153 214 3235 pcndas:
236 3165 268 3216 et
287 3177 325 3222 ex
347 3155 467 3220 XXXV
488 3155 577 3218 MSS.
591 3155 686 3218 Paris.
704 3156 741 3218 ub
763 3156 928 3218 Achsiutre
948 3153 1090 3230 collutis,
1116 3154 1198 3216 inter

1 3319 2 3324 η
82 3269 155 3330 quos
177 3260 283 3312 tamen
302 3259 373 3312 sunt
394 3249 437 3310 ilti
459 3255 596 3333 optimae
617 3264 705 3314 notae
726 3251 898 3322 Puteanus,
921 3249 1106 3326 colbertini,
1126 3250 1197 3311 Ale·

82 3343 276 3420 xandrinus,
296 3345 537 3420 Fauohetianns‚
559 3345 740 3409 Pithoeanus
760 3359 791 3409 ct
810 3345 1011 3422 Senatorius‚
1031 3345 1106 3408 duae
1126 3355 1197 3406 tan·

83 3447 143 3500 tum
164 3449 220 3502 sut
240 3450 302 3504 tres
320 3442 468 3522 ,lectiones
488 3443 622 3506 euctutue
642 3443 778 3524 auut,iu
793 3442 858 3520 ulii,
877 3463 959 3509 anre
971 3463 1033 3506 nou
1047 3448 1198 3525 repertas.
