3056 5490
725 381 732 392 .
776 334 907 392 ttttstt

284 536 328 606 Hi
334 557 379 605 nc
398 533 524 616 trahe,
539 555 636 633 quae
651 529 769 624 dicas,
784 535 1025 633 mensamque
1040 528 1215 632 relinque
1231 533 1410 634 Mycenis

243 635 249 646 ¹
281 649 373 720 Cum
392 649 514 748 capite
535 663 572 718 et
590 643 770 748 pedibus,
790 643 1015 748 Plebeiaque
1036 645 1195 748 prandia
1216 650 1332 721 noris.

332 766 417 837 Non
437 760 611 864 equidem
627 761 699 834 hcc
720 759 873 848 studeo,
891 759 1044 838 bullatis
1064 780 1107 836 ut
1126 766 1216 866 mihi
1236 768 1351 867 nugis

284 881 422 982 Pagina
440 895 653 981 turgescat,
672 877 763 952 dare
782 877 932 981 pondus
950 876 1087 956 idonea
1106 881 1221 954 fumo.
1336 939 1348 948 ..
1374 915 1410 962 20

280 1135 444 1186 mentionem
459 1131 570 1196 sariunt,
585 1149 618 1182 ne
635 1129 739 1201 potitam
753 1131 809 1201 qni·
874 1127 877 1138 ’
901 1139 939 1183 tt.
951 1135 989 1184 48.
1007 1129 1092 1194 Hine,
1110 1129 1207 1183 hee:
1221 1149 1329 1183 morum
1346 1150 1413 1183 eorr-

281 1220 341 1270 rlem
359 1235 418 1269 enm
436 1217 515 1268 luisse
532 1216 633 1268 disertis
646 1215 737 1266 saitem
750 1233 810 1265 ver·
864 1217 923 1266 sura
936 1225 962 1266 et
974 1213 1148 1284 improbitatis
1161 1217 1338 1284 castigatione.
1355 1231 1412 1266 tro·

280 1303 320 1354 bis
337 1311 450 1354 nunant.
473 1300 524 1351 Dio
545 1301 614 1352 Geso.
642 1299 718 1350 uxtt.
750 1303 812 1348 esti.
863 1299 1087 1368 lte,rptuedioas,
1104 1305 1160 1366 pete
1178 1310 1365 1368 argumentum
1385 1311 1411 1350 rt

280 1383 423 1434 memoriae
440 1381 545 1450 quidem
566 1379 781 1450 prodidit,'eum
799 1397 814 1430 a
863 1383 983 1434 dictionis
996 1383 1118 1436 colorem.
1134 1403 1307 1438 oretnomoum
1321 1402 1413 1458 eapite

280 1469 382 1520 Narone
394 1465 566 1520 inoonsilium
580 1463 724 1516 adhibitum
736 1465 813 1516 luisse

202 1619 209 1628 ι
279 1568 355 1618 super
369 1551 480 1600 carmine
495 1547 528 1599 de
540 1546 616 1598 rebtts
628 1547 705 1615 gestis
717 1549 810 1597 Romo-

279 1633 320 1680 uls
337 1629 461 1680 instituto:
477 1628 531 1678 Hoc
544 1627 625 1695 potuit
637 1627 746 1678 omnino
763 1627 809 1677 lie·

279 1711 319 1774 ri,
333 1711 461 1780 siquidem
475 1708 566 1762 doctus
578 1721 603 1761 et
617 1709 712 1762 nobilis
726 1725 812 1780 gram-

279 1796 389 1850 maticus
407 1796 500 1858 suerit,
513 1793 557 1862 qui
571 1794 651 1846 etiam
672 1811 811 1846 commen-

278 1883 342 1933 taria
357 1883 382 1932 in
396 1877 537 1948 Virgilium
546 1877 720 1943 composuerit
732 1873 812 1942 (Geli.

279 1967 319 2025 ll,
343 1971 374 2026 ὃς
399 1965 451 2026 lx,
473 1967 497 2012 ⁹.
520 1961 635 2012 Mttct'ol).
650 1961 700 2011 Sul.
716 1961 750 2024 V,
771 1964 811 2010 ⁴9.

278 2047 529 2100 Chariclirammat.
538 2043 618 2096 instit.
632 2042 674 2095 lib.
687 2045 705 2093 l.
718 2061 742 2111 p.
755 2047 811 2094 toll.

277 2139 304 2180 et
318 2133 374 2180 tttt.
388 2125 502 2194 Putsclt.)
515 2125 616 2176 etiamsi
636 2142 723 2176 versus
735 2141 812 2174 num·

277 2216 357 2278 quoni
388 2208 498 2260 fecisset.
523 2207 595 2274 Quin
625 2203 742 2270 Persius,
767 2205 811 2272 qni

278 2303 378 2345 tantum
402 2295 519 2344 Cornuto
543 2289 648 2353 tribuit,
670 2302 700 2342 ut
723 2290 812 2341 omnia

277 2395 357 2449 paene
374 2375 453 2429 animi
468 2377 536 2429 bont
553 2375 656 2444 adcepta
668 2379 693 2426 ei
707 2378 810 2431 retent.

278 2466 299 2516 si
314 2464 392 2516 etiam
415 2463 504 2514 satiras
521 2458 647 2512 scribendi
669 2471 750 2512 artent
779 2461 810 2511 ab

278 2569 309 2602 ec
323 2547 467 2608 didicisset,
481 2546 563 2597 multo
578 2562 636 2596 sane
652 2543 771 2596 disertius
784 2544 810 2596 id

277 2651 330 2684 non
346 2630 423 2683 medo
444 2630 596 2692 indicasset,
622 2645 711 2678 verum
730 2629 810 2680 etiam

278 2715 394 2786 magistri
409 2725 500 2766 'artem
524 2711 598 2764 lautle
624 2711 709 2764 dubita
739 2712 806 2762 cele·

278 2799 392 2860 lsrusset,
406 2815 486 2866 quum
505 2795 613 2864 reliquas
625 2795 680 2846 eius
703 2793 810 2845 virtutes

276 2895 331 2933 'tam
349 2881 449 2950 copiose
460 2887 566 2931 exornet
587 2879 681 2929 Doctus
690 2874 808 2946 igitur'h.

277 2963 295 3016 l.
309 2965 374 3015 uilril
391 2964 454 3014 milri
469 2961 572 3012 videtur
588 2977 658 3022 esse,
672 2977 751 3030 quom
767 2979 810 3028 pe·

276 3048 350 3110 ritus,
366 3045 483 3099 callidus.
510 3045 632 3114 defigrre,
652 3059 698 3110 pro
714 3055 811 3096 norme.

278 3131 317 3182 De
333 3130 412 3183 sorbo
421 3131 509 3200 figere
524 3145 602 3197 agens
614 3129 714 3194 copiose
728 3129 807 3178 Hein-

276 3216 329 3266 sius
346 3213 377 3266 ad
404 3211 481 3266 Ovttl.
495 3210 602 3262 llercid.
621 3211 672 3272 Vl,
687 3215 729 3260 tlt.
746 3208 809 3262 illutl

864 1466 1010 1534 etpedibus.
1036 1468 1128 1519 Atreus
1151 1485 1245 1536 nempe
1271 1468 1413 1540 Thyestae

863 1548 934 1600 fratri
950 1547 1043 1600 liberos
1057 1549 1111 1600 eius
1125 1549 1157 1602 nd
1179 1569 1235 1603 aras
1251 1551 1410 1605 immolatos

863 1635 957 1702 partim
971 1637 1140 1702 ussospartim
1154 1633 1235 1687 elixos
1248 1636 1409 1706 adposuerat

863 1714 1016 1783 epulandos,
1033 1727 1058 1768 et
1072 1717 1120 1768 suli
1138 1720 1216 1770 finem
1236 1737 1332 1771 coense
1353 1739 1410 1772 ca-

863 1798 915 1867 pite
933 1796 978 1864 illi,
992 1797 1071 1868 pedes
1088 1809 1113 1852 et
1127 1817 1220 1852 manus
1235 1800 1350 1854 tiliorum
1369 1822 1405 1854 o·

864 1880 1002 1943 stenderat,
1016 1893 1045 1935 ut
1058 1895 1223 1956 cognosceret
1234 1885 1323 1953 irater,
1340 1887 1405 1954 qni·

862 1964 910 2018 bus
927 1965 1046 2018 nefandis
1063 1965 1143 2036 epulis
1161 1977 1226 2020 esset
1245 1966 1403 2020 delectatus.

862 2052 933 2102 lione
946 2067 1062 2102 mensam
1077 2090 1085 2114 ,
1100 2052 1185 2120 inquit
1197 2055 1338 2117 Cornutus,
1356 2063 1408 2105 ortt

862 2135 970 2185 omnino
980 2151 1058 2186 omne
1071 2136 1196 2203 tragicum
1211 2145 1403 2205 argumentum

861 2220 961 2270 omitte.
974 2221 1116 2288 plebetacpte
1126 2222 1236 2288 prasidio
1257 2220 1401 2290 obponun·

861 2313 906 2354 tur
922 2303 1009 2354 coenis
1022 2301 1074 2352 illis
1091 2301 1225 2364 nefandis,
1249 2321 1296 2371 pro
1323 2305 1403 2356 omni

861 2395 1013 2454 argumento
1026 2403 1056 2436 ex
1072 2385 1123 2436 vita
1137 2387 1270 2437 communi
1286 2388 1376 2455 petito.

897 2473 1005 2522 49-29.
1029 2470 1062 2520 Se
1084 2467 1132 2520 sibi
1151 2469 1275 2536 quidem',
1297 2471 1404 2522 Persius

861 2551 974 2602 Cornuto
997 2553 1158 2619 respondetl,
1182 2562 1269 2620 optare
1291 2563 1402 2606 centum

862 2651 936 2686 voces
949 2651 1001 2685 non
1022 2633 1053 2685 ad
1079 2651 1160 2704 nugas
1173 2637 1298 2686 carmine
1325 2635 1397 2688 cele·

860 2717 969 2770 beandas
996 2717 1189 2785 verborumque
1206 2717 1276 2769 inani
1294 2728 1402 2772 tumore

860 2801 998 2867 fucandas,
1012 2799 1056 2853 sed
1070 2801 1100 2853 ad
1116 2803 1235 2854 animum
1248 2821 1408 2880 suum,quo¹

862 2889 969 2953 sitergr
993 2895 1207 2954 praeceptorem,
1228 2884 1325 2954 prolixe
1348 2887 1397 2938 de·

861 2967 1022 3020 clarandom.
1037 2971 1150 3021 Honesta
1163 2985 1224 3020 saue
1245 2968 1346 3030 oratio,
1367 2989 1400 3022 er
1504 3021 1508 3030 ,

862 3070 913 3120 qua
928 3035 1042 3104 liberalis
1059 3055 1139 3104 Persii
1156 3050 1256 3104 indoles
1275 3061 1303 3104 et
1319 3069 1400 3122 egre·

862 3137 903 3206 gia
931 3139 958 3188 in
976 3137 1119 3190 Cornutum
1143 3137 1224 3206 pietas
1254 3137 1402 3190 luculenter

862 3215 986 3286 adptarel.

273 3299 391 3369 deligere
421 3295 539 3365 explicat:
562 3304 693 3362 tamquam
722 3295 810 3346 aculeo
897 3307 937 3353 ⁴9.
954 3301 1009 3366 ltce,
1024 3299 1172 3354 huiusmodi
1185 3300 1400 3356 flosculisv.t,et

276 3379 496 3453 tmigeresntiricis
509 3376 811 3446 reprohentonttsnsuerl
860 3385 1077 3455 atultm’utngn
1098 3386 1179 3438 iidem
1203 3387 1301 3440 flosculi
1321 3388 1399 3440 tont-

275 3467 387 3535 defigfre
412 3473 449 3515 est
477 3463 594 3532 proprie:
626 3461 699 3512 hnrni
724 3466 809 3532 ligere.
859 3464 956 3537 ligendi
985 3479 1056 3532 suut,
1075 3470 1101 3520 in
1125 3469 1217 3538 quihus
1236 3470 1300 3522 nibil
1318 3471 1396 3525 solidi

276 3550 397 3620 Dtssgere
424 3550 533 3617 aliquem
558 3545 590 3597 de
612 3549 685 3613 pot'to
709 3545 810 3598 satirico
858 3548 1003 3610 inest,sed
1018 3547 1063 3616 qui
1074 3559 1102 3599 ut
1115 3547 1201 3599 bullae
1216 3559 1315 3616 praeter
1333 3554 1396 3604 inn-

269 3632 325 3682 dici
350 3642 450 3700 potest,
472 3628 575 3698 quando
603 3627 714 3697 aliquem
745 3627 809 3680 adeo
859 3649 919 3682 nem
934 3643 1067 3684 tumorem
1082 3629 1146 3682 nilril
1165 3629 1270 3682 liabent.
1291 3635 1395 3684 Tumo-

273 3714 396 3768 adcurate
415 3713 545 3784 depictum
569 3725 629 3766 ante
650 3711 738 3764 oculos
759 3711 805 3763 ho·
859 3731 914 3764 rem
929 3711 1040 3767 Martini.
1055 3715 1100 3778 tv,
1116 3719 1157 3766 49.
1171 3719 1195 3766 t.
1218 3718 1328 3766 vesicam
1351 3735 1396 3768 ro·

274 3798 376 3848 minum
391 3799 473 3866 ponit,
486 3807 514 3848 ut
526 3813 617 3848 omnes
629 3792 705 3846 illum
718 3795 809 3845 visum
858 3807 909 3848 cat.

274 3879 405 3949 adspicere
419 3887 518 3950 putent.
531 3879 750 3948 Defigereitaque
763 3888 809 3929 est:
862 3909 866 3915 ·
893 3885 935 3932 20.
952 3878 1055 3949 Pagina
1067 3897 1111 3932 seu
1127 3897 1173 3948 pro
1190 3897 1222 3930 eo
1246 3899 1320 3950 saepe
1343 3899 1392 3950 pn-

272 3963 426 4031 prostituere
439 3961 551 4030 aliquem
566 3961 679 4030 populo,
690 3974 715 4012 ct
729 3979 805 4028 ospo-
859 3961 940 4024 nitur,
958 3962 1028 4032 quod
1046 3963 1074 4014 in
1088 3961 1132 4014 illa
1146 3965 1270 4031 scriptum
1285 3973 1334 4026 est,
1348 3983 1396 4016 seu

273 4064 335 4096 nere
346 4063 406 4096 eum
422 4043 464 4096 vel
478 4045 537 4096 risui
550 4043 590 4096 vel
609 4043 730 4095 invidiae.
754 4045 805 4094 onl·
858 4064 905 4115 pro
930 4054 984 4098 tcto
1008 4064 1094 4116 opere.
1122 4047 1236 4114 Propert.
1258 4049 1351 4112 tt,t7.
1369 4057 1393 4098 t.

272 4147 348 4197 pam,
364 4127 481 4180 homines
498 4127 629 4198 inprobos.
647 4127 803 4197 ingenuolu·
857 4127 934 4181 Ovid.
953 4127 1032 4182 Trist.
1046 4131 1080 4191 V,
1094 4134 1117 4180 9.
1131 4137 1155 4182 3.
1170 4127 1281 4181 Marnat.
1295 4131 1342 4194 ttt,
1352 4137 1393 4184 tt.

245 4259 248 4264 ,
272 4213 449 4275 dc,carmine
462 4210 560 4264 liberali
578 4221 603 4262 et
616 4207 739 4282 ingenuo,
753 4227 806 4264 non
833 4210 1028 4264 'Ovidiuslo
1044 4211 1120 4265 ltabet
1143 4218 1248 4281 crescit,
1275 4214 1393 4277 Persius,

271 4295 399 4348 obscoeno
415 4307 457 4348 out
475 4294 609 4348 maledico.
858 4292 1054 4350 adcommodate
1072 4293 1103 4348 ad
1116 4296 1223 4348 belluas
1233 4315 1322 4366 trugas,
1332 4297 1393 4350 scri·
