3056 5490
341 349 437 464 458
817 377 954 438 ranan
997 391 1003 406 ·

337 579 516 656 Condidit
534 579 663 652 Ionio:
683 578 781 654 iacet
799 579 879 682 ipse
898 580 939 652 in
956 577 1093 669 litore,
1109 593 1147 654 et
1167 605 1245 654 una

339 695 514 798 Ingentes
533 693 581 768 de
601 720 732 798 puppe
753 693 827 784 ‹lei3
849 696 998 796 iamque
1016 693 1124 794 obvia
1143 695 1280 798 mergis
1322 709 1328 722 ’
1404 733 1428 782 30

338 813 448 886 Costa
467 813 556 884 ratis
574 809 733 886 lacerae.
760 827 921 885 nuncet
940 809 988 886 de
1006 813 1147 915 cespite
1167 813 1253 886 rivo

340 928 485 1029 Frange
506 924 674 1026 aliquid,
693 924 832 1028 largire
852 928 984 1030 inopi,
1004 951 1052 1000 ne
1072 929 1194 1030 pictus
1212 925 1358 1000 oberret

341 1042 521 1117 Caerulea
539 1043 581 1116 in
598 1041 738 1116 tabula.
764 1073 790 1110 a
798 1042 874 1116 Sed
894 1067 1050 1116 coenam
1068 1043 1214 1116 funeris
1233 1041 1338 1115 heres

341 1156 536 1262 Negliget,
553 1159 672 1232 iratus
691 1156 796 1262 quod
815 1183 896 1233 rem
916 1160 1148 1236 curtaveris:
1166 1181 1285 1231 urnac

345 1365 386 1410 rat
398 1375 443 1428 per
455 1355 527 1410 illam
545 1373 602 1410 rem
615 1357 879 1430 consequi,quaeque
926 1358 980 1428 pria
1000 1357 1077 1410 herba
1103 1373 1156 1410 una
1178 1373 1239 1410 cnm
1261 1365 1326 1409 terra
1351 1354 1430 1420 ernist,-

352 1439 401 1492 silsi
418 1449 525 1492 voverat
542 1459 587 1494 seu
600 1451 748 1511 optaverat3
762 1440 807 1493 sed
818 1451 879 1493 vota
926 1441 1066 1511 obponitur
1086 1441 1136 1493 hoc
1160 1437 1216 1493 loeo
1235 1439 1360 1493 reditibus.
1374 1443 1429 1504 vio,

347 1523 424 1574 surda
442 1523 594 1592 (aDiisnon
608 1525 747 1592 exaudita)
763 1524 879 1577 suerunt.
927 1527 1031 1580 virenti.

346 1606 434 1660 Potuit
459 1604 540 1676 igitur
560 1608 654 1660 Noster
677 1607 778 1671 dicere,
802 1605 880 1659 etiam
961 1616 1003 1665 32.
1016 1610 1120 1682 Frange
1140 1611 1244 1680 aliquid.
1263 1608 1428 1662 adcommodata

346 1700 407 1742 vota
420 1687 494 1742 illum
517 1691 583 1743 mari
596 1690 740 1745 condidisse
755 1709 800 1745 sen
816 1707 880 1744 natt-
929 1692 961 1744 ad
975 1692 1106 1761 cespitem.
1129 1694 1232 1744 Sensus:
1247 1691 1390 1760 Consumptis
1400 1707 1430 1742 aa·

343 1772 427 1842 fragia
450 1773 579 1840 amisisse,
593 1775 802 1845 quandoquidem
818 1785 880 1828 vota
927 1775 986 1828 nuis
998 1775 1123 1828 reditibus
1147 1773 1308 1844 portiuncula
1326 1773 1389 1826 tundi
1404 1773 1431 1824 tui

345 1850 377 1904 sd
403 1843 475 1904 illam
492 1871 549 1904 rem
567 1855 764 1924 pertinuerant,
782 1865 823 1919 et,
847 1873 878 1906 re
927 1857 1035 1912 subleva
1048 1859 1176 1929 inopem,
1190 1871 1220 1912 ut
1231 1857 1314 1912 sedem
1326 1854 1429 1910 ittarta

345 1935 452 2000 emtas,
475 1936 529 2005 ipsa
544 1955 646 2005 qaoque
671 1935 771 1991 sublata
797 1945 878 1990 erant.
930 1953 971 1997 cet
988 1961 1079 2007 suam,
1097 1962 1182 2014 neque
1194 1954 1296 2015 cogatur
1307 1943 1429 1996 mendicas.

346 2017 455 2070 Sensus:
469 2019 566 2071 Omnia
580 2019 682 2083 amisit,
702 2021 772 2072 niltis
793 2037 879 2073 serva·
928 2027 1055 2079 Posterius
1068 2027 1104 2078 sic
1116 2044 1266 2096 expressum
1279 2035 1314 2078 est
1323 2047 1330 2075 ε
1339 2029 1429 2095 nepistu

348 2100 400 2165 vii,
419 2099 447 2152 ln
477 2101 627 2156 iiberalitate
655 2115 681 2156 el
705 2103 880 2157 misericordia
928 2109 1211 2177 0berret,v,ad1,89,
1235 2108 1431 2180 Naufragium&

349 2185 494 2239 amicornm
502 2187 647 2258 perfugium
659 2205 782 2257 quaerere
796 2188 879 2242 debet.
930 2193 1006 2246 rebus
1019 2194 1140 2247 omuibus
1154 2193 1283 2257 tabulam,
1299 2196 1325 2245 in
1337 2211 1378 2260 qua
1387 2209 1428 2242 rna·

346 2291 350 2299 '
929 2278 964 2330 ris
986 2287 1139 2347 tempestas,
1157 2297 1223 2348 quoe
1243 2296 1284 2330 ens
1306 2272 1429 2347 perdiderat,

384 2358 424 2408 ³⁰.
439 2355 680 2428 Ingentesdepmppe
692 2357 742 2410 dei.
761 2357 812 2409 Dei
821 2363 881 2410 suut
927 2359 1054 2412 coloribus
1068 2379 1186 2430 expressa
1197 2371 1260 2422 erat,
1272 2359 1368 2410 humero
1381 2373 1427 2425 por·

347 2435 482 2490 simulacra
510 2443 626 2492 Deorum
652 2439 731 2510 puppi
756 2438 879 2508 inposita,
928 2451 1010 2495 tentes
1032 2443 1126 2513 ubique
1153 2440 1345 2496 misericordiam
1363 2435 1428 2490 ioni-

350 2539 462 2590 quorum
476 2523 524 2576 sul)
537 2523 615 2577 tutela
634 2541 728 2576 navem
747 2522 882 2576 voluerant
931 2545 995 2580 num
1010 2527 1197 2596 implorabant.

349 2621 405 2658 esse
427 2617 527 2661 nautae.
543 2607 607 2662 lude
627 2607 685 2660 illas
702 2618 798 2660 statuas
817 2621 883 2659 nuu-
965 2617 1006 2665 33.
1021 2608 1158 2676 Caerulea,
1181 2629 1212 2662 ex
1232 2617 1316 2660 natura
1330 2601 1430 2659 eiusnodi

350 2693 533 2759 cupatPetro'n.
549 2695 718 2746 t05.tntelnm
730 2695 882 2764 ramas‚quae
931 2699 1047 2766 picturae
1059 2695 1193 2767 epitheton
1204 2695 1251 2748 hoc
1265 2693 1384 2745 adiectum.
1455 2739 1458 2751 ,

349 2791 411 2826 cum
424 2777 679 2848 Graeccnupntnipp
695 2795 747 2830 uon
765 2787 879 2830 estnon·
969 2786 1077 2833 33-37.
1111 2779 1234 2848 Sequitur
1267 2775 1311 2828 alia
1343 2770 1431 2826 sardium

349 2857 500 2924 suadenda,
519 2863 674 2931 quamquam
701 2861 830 2914 interdum
850 2862 883 2912 si·
933 2881 1015 2917 causa.
1033 2861 1110 2916 Multi
1126 2867 1300 2915 Romanorum
1316 2875 1343 2911 eo
1354 2871 1431 2926 prooes-

352 2961 433 3015 gnum
454 2945 482 2998 in
493 2963 595 3014 prora,
618 2946 787 3020 παράσημον,
813 2945 883 2996 unde
934 2957 1020 3000 serant
1032 2947 1157 3000 stultitiae
1171 2959 1199 3000 et
1210 2943 1338 3006 amentiae,
1349 2949 1385 2999 ut,
1395 2955 1432 3007 qut

352 3045 448 3080 nomeu
462 3029 521 3082 nasi
534 3047 606 3098 saepe
618 3029 715 3093 haesit,
730 3047 790 3081 curn
803 3027 883 3082 tutela
933 3049 1012 3102 quam
1025 3029 1232 3100 splendidissime
1245 3029 1275 3081 als
1291 3023 1372 3079 herede
1379 3039 1431 3074 mor·

350 3109 379 3162 in
398 3116 475 3182 puppi
494 3131 577 3165 unum
597 3113 718 3182 idemque
738 3113 795 3165 luit.
817 3112 885 3164 Huic
932 3116 971 3168 tui
987 3117 1159 3178 efferrentur,
1176 3116 1280 3186 genium
1294 3105 1340 3163 vivi
1352 3104 1428 3159 defrau-

351 3195 409 3246 neu
422 3195 462 3246 vel
475 3199 543 3248 Deae
556 3207 615 3248 vota
626 3215 673 3266 pro
684 3195 769 3248 reditu
782 3195 883 3247 fiebant.
934 3199 1044 3266 darent3
1064 3215 1146 3267 quum
1165 3210 1253 3253 eontra
1274 3193 1324 3260 alii,
1341 3191 1363 3250 id
1381 3187 1429 3260 qaod

351 3276 412 3330 lllos
425 3281 507 3345 Deos,
525 3281 569 3349 qui
586 3297 655 3332 nunc
671 3279 744 3332 eiecti
768 3277 794 3330 in
811 3275 886 3331 litore
933 3279 1021 3333 minus
1038 3279 1154 3344 mireris,
1179 3277 1256 3330 sutori
1280 3271 1367 3326 heredis
1381 3265 1429 3337 cogi·

352 3361 452 3425 iacent,
478 3379 525 3414 nec
546 3381 640 3414 navem
657 3381 705 3416 nec
728 3381 754 3413 se
780 3361 848 3430 ipsos
872 3379 886 3413 a
934 3363 1029 3416 tatione
1057 3361 1089 3415 ad
1114 3361 1251 3416 lautiorem
1277 3359 1348 3411 vitam
1366 3353 1429 3405 incita·

351 3445 886 3514 tempestatisiniuriadefenderepoterant,
936 3459 1034 3500 rentur.

352 3541 429 3586 vocat
439 3531 532 3583 Noster
544 3533 655 3600 ingentes
667 3529 684 3584 i.
696 3549 719 3582 e.
727 3547 827 3581 sunrura
841 3547 885 3598 po·
970 3537 1012 3585 33.
1026 3529 1110 3584 &sna
1116 3531 1219 3602 funeris
1232 3545 1274 3580 seu
1286 3519 1383 3578 funebris
1393 3523 1430 3568 erat

354 3614 435 3667 tentia
452 3613 597 3684 praeditos,
617 3631 697 3683 eoque
710 3613 737 3664 in
751 3613 832 3665 risum
844 3629 887 3666 eos
937 3613 1046 3685 duplicis
1067 3613 1187 3686 generis,
1211 3631 1262 3666 una
1285 3609 1329 3662 diis
1344 3601 1430 3657 manibus

355 3698 443 3752 vertit.
469 3698 546 3766 Quod
568 3717 649 3768 quum
676 3697 786 3767 pietati,
809 3713 888 3768 quam
936 3699 965 3751 in
979 3718 1042 3770 rogo
1055 3699 1212 3768 parabatur,
1226 3693 1365 3766 proprieque
1376 3699 1430 3736 roct-

355 3784 449 3836 Noster
476 3783 571 3851 ubique
598 3781 722 3846 ostendit,
746 3798 889 3852 repugnare
938 3780 1014 3833 batur
1029 3783 1195 3844 silicernimn3
1218 3777 1294 3829 altera
1307 3765 1405 3843 proximis
1413 3769 1429 3809 el

356 3865 482 3930 videatur,
497 3867 577 3936 possis
591 3867 667 3918 etiam
680 3867 791 3936 ingentes
804 3864 835 3916 ad
856 3863 889 3916 si·
940 3864 1041 3925 amicis,
1055 3879 1162 3932 eamque
1176 3859 1296 3914 vocabant
1309 3844 1418 3920 Willis*

356 3949 533 4004 mulacromm
555 3961 679 4005 staturam
704 3951 810 4004 trahere.
824 3951 888 4002 For·
938 3943 1020 3998 nadre.

356 4045 421 4088 tasse
435 4035 536 4106 scripsit
552 4037 644 4089 Noster
656 4036 805 4106 squalentes,
824 4032 887 4084 limo
937 4055 940 4060 ·
972 4037 1014 4082 34.
1035 4027 1110 4098 Quod
1128 4042 1180 4078 rem
1199 4024 1334 4096 aptaveris,
1351 4027 1394 4066 nm
1407 4005 1430 4056 si

356 4117 483 4172 scilicetet
495 4139 583 4191 spuma
598 4121 685 4173 maris.
702 4119 774 4172 obvia
783 4119 886 4186 mergis,
939 4115 1071 4168 miliarem
1085 4113 1217 4166 minueris.
1249 4110 1340 4176 Spectat
1357 4089 1428 4185 loeti

357 4205 469 4272 exposita
482 4205 586 4277 mergis.
936 4197 1084 4266 superiora:
1099 4195 1131 4245 de
1143 4197 1232 4262 cespite
1247 4191 1302 4240 vivo
1312 4172 1429 4262 stuwi:

392 4291 433 4340 34.
457 4287 546 4354 Cottam
566 4286 632 4340 latus
647 4286 722 4338 navis
741 4283 886 4336 laceratam.
938 4282 999 4352 qnid
1009 4323 1015 4347 ‚
1034 4295 1088 4332 nou
1106 4277 1137 4332 ad
1154 4271 1357 4342 consumptionem
1374 4265 1429 4311 matt

358 4391 420 4426 rntsrc
434 4384 457 4425 et
469 4374 500 4424 de
515 4374 606 4440 cespite
621 4373 688 4423 vivo.
716 4387 810 4436 cespes,
830 4385 887 4436 prn-
937 4363 1143 4432 reditus3namj,
1158 4360 1228 4414 cuim
1240 4353 1430 4423 sumptuariamt
