3056 5490
713 440 733 484 .
808 377 943 474 ranan

318 611 696 714 “LiberegoasVnde
711 612 840 688 datum
851 617 924 691 hoo
934 615 1059 706 sumis,
1070 631 1126 688 tot
1136 613 1283 690 subdite
1298 614 1415 691 rebus?
1478 667 1483 708 q

317 731 377 804 Aa
393 729 587 805 dominum
607 731 769 837 ignoras,
787 733 855 805 nisi
877 759 991 835 quem
1013 729 1174 808 vindicta
1193 731 1353 808 relaxat?
1375 775 1413 823 ns
1481 735 1483 742 ⁵

317 849 335 920 I
356 873 465 950 puer,
486 863 525 920 et
542 845 711 950 strigiles
721 849 884 952 Crispini
904 848 952 922 ad
970 846 1106 922 balnea
1123 847 1245 922 defer.

318 963 355 1035 Si
377 965 589 1068 increpuit:
607 989 746 1054 cessas,
767 966 951 1069 nugator!
975 966 1166 1041 servitium
1184 989 1271 1038 acre

318 1081 373 1154 Te
395 1077 489 1152 nihil
507 1077 679 1186 inpellits
700 1081 1000 1186 necquidquam
1020 1083 1250 1156 extrinsecus
1272 1084 1396 1173 intrat,

320 1301 399 1338 mersu
417 1281 443 1336 id
469 1281 540 1354 quod
565 1283 632 1355 apud
654 1293 779 1338 nostrates
796 1298 853 1338 tact.
905 1292 931 1340 6.
944 1290 986 1339 ΙΙ.
1000 1294 1148 1356 etsatyrum
1162 1301 1209 1336 seu
1218 1283 1328 1353 Cyclopa
1339 1301 1419 1336 movere

320 1368 400 1421 otiu.
413 1370 505 1424 Amor.
518 1371 549 1423 ΙΙ.
564 1377 588 1421 Ι.
604 1374 644 1422 29.
659 1389 785 1423 monteroso
798 1373 853 1424 bra·
904 1387 968 1441 pro:
993 1369 1085 1422 saltare
1111 1376 1228 1439 satyrum
1252 1383 1296 1419 seu
1319 1364 1419 1437 Cyclopa

319 1451 378 1504 dua
399 1463 486 1520 vocat,
514 1471 581 1523 qtrae
598 1471 736 1506 numerose
761 1473 851 1508 move·
906 1451 963 1506 Nee
975 1467 1023 1505 tres
1039 1465 1134 1504 totunm
1151 1451 1187 1502 ad
1201 1468 1311 1502 rsmneros
1325 1468 1419 1500 moveare

320 1535 423 1587 bantur.
441 1537 472 1587 ΙΙ.
488 1534 503 1588 l.
522 1535 554 1588 de
572 1535 705 1590 saltatione
723 1530 852 1608 pantomi-
907 1535 1023 1608 Battsttt
1043 1547 1081 1588 est
1101 1537 1203 1603 itaque:
1230 1551 1279 1585 nee
1301 1532 1384 1603 potoris
1399 1542 1418 1583 te

321 1617 388 1670 mica
405 1636 491 1671 sermo
503 1629 554 1686 est,
568 1619 601 1672 de
613 1639 662 1690 qna
674 1621 761 1691 procul
776 1621 856 1674 dnbio
898 1638 1012 1690 ‘movere
1024 1619 1055 1670 ad
1068 1631 1120 1672 tres
1132 1628 1235 1670 tautum
1246 1635 1371 1679 nstmeros,
1381 1633 1419 1666 nec

322 1701 450 1754 Plutarch.
468 1701 494 1754 in
508 1705 659 1776 Symp.1X‚
673 1711 714 1758 t5.
727 1703 852 1776 loquitur,

321 1801 402 1852 quum
419 1783 580 1838 saltationem
594 1803 654 1837 cunt
669 1789 737 1856 pottsi
755 1805 855 1856 compa·

321 1885 382 1919 raus
398 1867 448 1960 qit,
462 1878 515 1921 tres
527 1886 582 1922 esse
598 1867 739 1922 saltationis
756 1883 856 1940 partes,

322 1951 369 2009 tin
387 1951 485 2024 popio,
508 1952 536 2006 τὸ
553 1951 664 2024 σχΙμα,
687 1953 734 2012 τὴν
758 1952 856 2018 δεῖξιν,

322 2037 414 2088 latione
426 2048 510 2090 mutus
523 2040 603 2089 animi
613 2048 639 2090 et
652 2038 767 2092 adlectus
778 2041 859 2108 es'pri·

323 2119 374 2181 roi,
395 2121 518 2173 schemate
531 2123 624 2174 formas
638 2133 663 2176 et
685 2124 779 2192 species
792 2123 854 2175 imt-

323 2204 418 2256 tatione
441 2203 580 2267 declarsri,
609 2211 771 2258 ostentatione
796 2223 855 2270 res,

323 2298 435 2354 terram,
459 2290 580 2356 eoelum,
608 2303 653 2343 cet.
677 2292 785 2344 ostendi.
824 2291 858 2344 Hi
880 2303 884 2312 ’

324 2375 444 2443 exquisiti
463 2376 576 2446 corporis
590 2387 674 2430 motus
692 2395 751 2429 curn
768 2377 799 2429 ad
812 2377 858 2430 ati·

325 2475 403 2526 quam
417 2476 474 2510 reso
489 2459 665 2530 pingendam,
681 2471 737 2516 tam
751 2461 782 2513 ad
796 2480 857 2512 ocu·

324 2540 410 2594 lorum
422 2543 620 2597 oblectationem
632 2547 785 2616 comparati,
798 2565 861 2618 qno-

325 2643 384 2678 rum
410 2637 469 2698 apta
499 2631 685 2700 compositione
718 2629 860 2682 saltationis

326 2709 642 2780 specieseontinebstur,
672 2719 766 2766 inumeri
791 2711 817 2767 h.
842 2711 859 2765 l.

328 2795 414 2848 vocari
435 2794 569 2862 videntur,
591 2795 651 2868 qnia
668 2797 795 2870 εὐρύθμως
810 2797 858 2847 tie·

326 2875 397 2930 hant.
423 2878 559 2947 Bastyttt,
587 2880 681 2933 nobilis
705 2880 861 2952 pantomimi

327 2959 374 3010 snb
391 2960 515 3030 Augusto.
541 2963 562 3014 is
579 2981 639 3016 cum
658 2963 754 3037 Pylade
767 2975 859 3034 panto·

327 3043 447 3096 mimicae
462 3044 602 3099 saltationis
613 3049 735 3102 inventor
748 3050 861 3102 habetur.

327 3129 383 3179 Hoc
397 3128 504 3180 saltandi
522 3149 603 3200 gersus
615 3131 747 3202 descripsit
759 3133 859 3186 Cassio·

327 3210 406 3264 dorus
422 3213 463 3266 lv.
482 3215 530 3268 His
547 3228 600 3266 mist
610 3217 715 3268 additae
725 3218 862 3270 orchestra·

328 3315 383 3348 ram
408 3297 597 3367 lotptaoissimae
626 3283 727 3363 iternis,
755 3303 863 3371 litigatori

326 3383 404 3450 digiti
411 3420 419 3448 ,
438 3385 561 3436 silentium
575 3385 726 3448 clamosum,
744 3391 862 3455 expositio

326 3469 412 3517 tacito.
439 3467 571 3532 Quantum
589 3477 692 3536 possent
710 3467 862 3534 pantomimi

327 3549 355 3598 in
374 3547 449 3601 rebus
463 3559 535 3602 motu
549 3550 725 3604 membrorum
744 3559 801 3621 apto
815 3569 859 3603 ex-

328 3637 494 3706 primentii,
519 3648 612 3690 notum
639 3649 678 3692 est
704 3657 734 3692 ex
757 3639 862 3692 Lucian.

328 3722 361 3774 de
386 3722 469 3775 saltat.
487 3741 543 3792 cap.
568 3731 610 3777 63,
632 3729 674 3777 ot.
701 3727 790 3796 satyri.
810 3725 861 3777 Mt-

329 3807 400 3857 nime
425 3807 474 3859 hoa
503 3807 658 3859 mutandum
684 3809 710 3859 in
730 3820 861 3880 satyrum

327 3885 460 3959 Bathyllus
486 3899 592 3940 voratur
617 3900 732 3960 satyrus,
759 3901 862 3959 propter

329 3973 479 4042 exquisitam
493 3973 601 4026 saltandi
614 3984 713 4036 artem,
728 3993 775 4042 qua
786 3974 864 4026 inela-

329 4057 396 4106 ruit:
415 4065 458 4106 aut
471 4053 530 4124 quia
545 4066 715 4125 argumenta,
732 4073 795 4124 quae
809 4055 863 4126 pie-

328 4157 440 4212 rumque
458 4139 582 4207 saltabat,
599 4139 684 4192 lascivi
698 4148 770 4191 erant
784 4157 861 4210 gene-

328 4226 372 4276 ris.
397 4243 517 4278 moveare.
542 4225 647 4278 Manen
663 4243 697 4276 sc.
724 4223 860 4288 membra,

328 4327 376 4378 pro
397 4310 497 4361 saltare.
531 4308 567 4362 sia
594 4321 673 4361 moon
700 4307 798 4360 Ionicos
816 4327 862 4378 pro

330 4392 489 4448 saltationem
504 4391 617 4448 tonicam
635 4396 723 4448 Horat.
744 4391 792 4448 ud.
815 4395 860 4456 ΙΙΙ,

907 1704 1000 1771 poteris
1036 1701 1180 1754 imitatione
1212 1700 1350 1770 exprimere
1378 1708 1418 1750 tres

907 1797 1006 1838 tanturn
1018 1805 1143 1838 numeros
1156 1783 1286 1857 Bathylli,
1298 1803 1329 1835 ne
1345 1784 1369 1835 io
1379 1784 1414 1834 tri·

906 1867 954 1918 bas
967 1867 1072 1938 quidem
1085 1867 1202 1939 corporis
1215 1865 1323 1920 motibus
1334 1861 1419 1934 Bathyl-

909 1951 947 2005 lus
965 1952 1024 2005 eris.

944 2044 1001 2090 ΙΙΙ.
1020 2037 1092 2089 tua
1106 2054 1163 2106 ego.
1191 2035 1249 2087 Non
1270 2032 1364 2104 ineptus
1377 2029 1415 2083 iste

908 2121 1037 2191 loquitur,
1062 2120 1106 2174 sed
1127 2121 1222 2172 Noster
1244 2137 1300 2170 curu
1318 2115 1416 2186 indigna·

908 2208 978 2258 tione
990 2205 1083 2275 repetit
1095 2206 1173 2256 verba
1184 2203 1256 2256 istius
1266 2201 1347 2270 inepti.
1359 2199 1385 2254 V
1382 2199 1418 2248 nde

908 2290 995 2341 datam
1005 2289 1053 2341 ltoa
1062 2293 1152 2340 nimis?
1166 2286 1225 2358 quis
1239 2283 1283 2338 tibi
1297 2284 1341 2336 ltoe
1352 2279 1417 2340 dedit,

909 2369 1054 2422 concessit?
1090 2367 1268 2422 Vndodatam
1283 2362 1418 2417 assuetos
1457 2409 1462 2425 ,

909 2457 1000 2506 Horat.
1015 2455 1067 2504 sas.
1076 2455 1115 2515 ll,
1131 2457 1157 2502 2.
1167 2459 1210 2505 3⁴.
1222 2449 1265 2502 uhi
1283 2448 1338 2500 vide
1352 2442 1418 2497 Beati·

910 2549 947 2588 tot
965 2537 1061 2588 addita
1079 2535 1166 2596 mata,
1185 2549 1265 2602 quum
1285 2539 1320 2583 tot
1332 2549 1367 2582 res
1379 2530 1417 2579 int·

910 2621 1010 2691 peritam
1025 2621 1052 2672 in
1071 2629 1095 2672 te
1106 2629 1249 2672 exerceant.

947 2710 1004 2758 sit.
1012 2707 1061 2758 nisi
1069 2724 1140 2776 quom
1155 2705 1268 2757 viridieta
1276 2703 1363 2754 niatu
1374 2716 1418 2768 pro:

911 2797 991 2857 s'qno
1005 2796 1030 2840 te
1041 2787 1211 2840 manumissio
1222 2784 1324 2848 relaxat,
1339 2781 1418 2834 liberat.

947 2873 1005 2940 tto'.
1024 2884 1113 2938 Nullus
1130 2885 1238 2956 quidem
1263 2884 1371 2935 dominus
1383 2899 1417 2930 es·

913 2977 1002 3022 ternus
1023 2969 1162 3038 imperium
1181 2969 1208 3021 in
1228 2979 1251 3020 te
1265 2973 1371 3030 exorce13
1384 2962 1420 3012 tae

914 3072 1060 3126 expressunt
1072 3073 1116 3122 per
1127 3053 1240 3123 aliquam
1252 3045 1356 3104 mandati
1362 3063 1420 3099 seno

914 3139 946 3191 ab
963 3136 1025 3190 hero
1043 3137 1096 3210 ‘¹5¹5
1113 3137 1236 3206 speciem.
1270 3133 1371 3204 Strigttts
1387 3129 1418 3180 in·

914 3231 1088 3276 strumentum
1115 3219 1236 3274 &locare
1253 3230 1278 3272 et
1300 3215 1420 3270 auctarium

915 3327 942 3362 v.
950 3311 1030 3377 intpp.
1041 3307 1142 3359 Petron.
1153 3311 1181 3360 91
1191 3350 1195 3358 .
1205 3307 1269 3375 iopr.
1279 3310 1420 3356 commentar.

915 3389 1032 3446 Grmsalii
1047 3391 1078 3442 de
1093 3388 1171 3442 Salas.
1187 3389 1327 3458 conl.qoae
1339 3379 1421 3451 Ruperti

914 3469 1002 3524 laudat
1020 3471 1050 3524 ud
1065 3472 1181 3524 intonat.
1192 3471 1243 3531 ΙΙΙ,
1261 3467 1420 3521 totcenon

914 3553 1042 3624 strigiles,
1063 3571 1203 3622 saponem,
1224 3549 1300 3602 lintea
1315 3563 1388 3599 secum
1401 3542 1420 3591 in

914 3635 1006 3691 balnea
1019 3635 1138 3688 adtulisse
1157 3636 1268 3700 loturos,
1284 3631 1390 3685 discimus
1400 3643 1421 3675 rt

913 3719 1021 3772 Lucina.
1042 3717 1148 3788 Lesiplr.
1167 3723 1202 3770 T.
1222 3719 1254 3770 ΙΙ.
1273 3737 1297 3786 p.
1312 3719 1361 3769 320.
1374 3709 1420 3762 eta.

914 3803 985 3855 Reiz.
1001 3802 1119 3873 Crispini.
1144 3805 1263 3854 Fortasse
1279 3796 1320 3852 ille
1333 3797 1421 3847 famosus

914 3895 968 3938 erat
982 3884 1138 3955 Crispinuse
1152 3903 1228 3936 serso
1242 3883 1357 3952 magister
1368 3873 1421 3944 eqni·

914 3977 969 4020 tum
985 3967 1067 4020 sactits
1080 3965 1128 4018 sub
1146 3965 1258 4020 Nerone.
1288 3955 1387 4016 luvenal.
1401 3954 1421 4016 t,

914 4055 947 4104 26
961 4069 1014 4120 seq.
1033 4059 1059 4102 et
1074 4051 1116 4101 tv.
1131 4051 1212 4119 princ.

950 4141 1008 4194 t27.
1028 4155 1107 4190 cessas
1119 4139 1244 4204 irrigator?
1259 4125 1380 4184 familiaris
1391 4119 1419 4172 lo·

913 4222 983 4275 cutio
1005 4239 1112 4283 eorum,
1138 4219 1181 4288 qui
1207 4235 1291 4270 servos
1312 4220 1421 4282 propetttt

913 4305 1045 4362 volebant.
1289 4307 1293 4316 '

951 4393 1006 4444 tta.
1019 4392 1143 4444 servitium
1156 4407 1211 4448 aare
1221 4386 1258 4438 Te
1266 4381 1325 4436 rrilsil
1335 4371 1420 4447 inpellit·
