3120 5494
502 512 506 528 .
600 466 821 529 excvnsvs
1168 435 1262 530 315

147 668 274 732 Sulmss.
292 667 325 728 in
346 666 455 727 Exere.
476 661 554 726 Plio.
582 683 613 747 p.
632 663 745 744 448.)ι
764 681 837 724 nrm
858 661 966 740 Οιιῠί,
987 677 1090 752 eppe„
1114 666 1148 728 in
1168 667 1271 734 Nonne

152 763 281 826 Ombite
302 771 331 822 et
350 761 389 820 sd
408 757 587 822 orientalem
607 757 671 822 Nili
692 759 812 841 ripum,
835 759 890 822 ubi
909 761 1170 840 uune,oustellum
1191 764 1270 826 Crim

146 859 253 922 Ombo.
280 857 417 934 Tentyra
436 854 468 915 in
489 855 589 917 Nouio
602 854 762 938 Tentyrite
780 863 812 916 et
836 853 875 916 sd
902 854 1119 918 occidentalem
1140 858 1203 921 Nili
1219 859 1269 922 ri-

149 971 220 1030 pum
241 947 297 1008 sita
318 955 405 1008 erent
423 955 454 1006 et
472 943 562 1028 longe
581 945 620 1008 sb
638 945 748 1009 Ombis
767 955 893 1010 remota.
922 949 1034 1032 Coptos
1053 969 1127 1013 vero
1146 971 1163 1012 s
1184 953 1271 1014 Ten·

148 1043 226 1124 tyrio
246 1061 309 1102 non
330 1040 389 1101 uisi
409 1039 475 1100 xil
490 1038 630 1101 milliaris
646 1039 748 1116 ebert,
774 1049 867 1124 esput
885 1062 949 1104 uon
968 1041 1104 1106 eiusdem
1124 1043 1271 1126 quidem,

145 1134 200 1197 sed
219 1133 403 1197 contermini
423 1133 525 1196 Nomi.
554 1131 647 1214 Quod
667 1133 725 1195 ism
752 1133 929 1217 intelligitur
957 1155 996 1198 ex
1028 1134 1147 1214 Plinio,
1176 1137 1272 1220 quil.

147 1230 198 1306 V,
217 1248 248 1308 9.
269 1227 435 1291 Thebaidis
456 1229 572 1290 Nomos
592 1227 651 1290 boo
669 1227 778 1290 ordine
797 1239 972 1292 enumerate
995 1231 1151 1306 omittere,
1167 1234 1272 1296 Pleut-

148 1326 252 1396 niteu,
275 1322 530 1405 Αροὶἱοροὶὶιεη,
554 1323 806 1396 Hermouthiten,
824 1323 981 1400 bitetten,
993 1325 1194 1400 Pbuturitesa',
1208 1326 1274 1388 Co-

145 1420 262 1500 ptiten,
281 1419 475 1497 Tentyritsm
490 1416 695 1500 Diospoliten‚
708 1415 955 1498 Antaeopoliten,
965 1417 1276 1500 Apterodtropotttea,

148 1512 361 1595 lycopolitam.
393 1514 420 1573 A
441 1511 539 1572 Plinio
559 1532 621 1572 non
636 1510 765 1573 multum
785 1510 937 1594 disorepet
954 1513 1082 1588 Strabo,
1101 1513 1160 1576 uiri
1180 1514 1265 1598 qnod

149 1607 202 1668 ille
224 1628 241 1667 ι
262 1627 382 1668 summo
401 1605 509 1689 incipit
528 1613 559 1667 et
580 1605 630 1668 bie
649 1605 806 1668 sdsoendit
824 1605 861 1667 ab
875 1606 1082 1670 interioribus.
1106 1607 1267 1672 Praeterea

146 1724 212 1764 non
235 1703 373 1766 Ombitue
393 1711 527 1776 tentum,
545 1699 600 1762 sed
619 1700 709 1762 etiam
729 1701 867 1794 Coptitue
881 1701 1022 1786 religiose
1040 1701 1181 1766 colebant
1192 1722 1272 1766 om·

145 1795 282 1873 eodilos‚
301 1817 378 1880 quos
397 1796 576 1878 Tentyritae
596 1793 810 1858 uverssbantor
822 1805 853 1858 et
873 1795 1146 1882 persequebantur.
1160 1818 1192 1860 ι.
1203 1820 1273 1884 sup.

149 1891 191 1954 ud
210 1915 239 1955 v.
259 1914 290 1956 ι.
310 1892 343 1953 in
364 1889 486 1955 Comus.
508 1891 590 1954 ilino
606 1891 721 1974 Coptos
742 1890 774 1954 h.
797 1889 818 1952 l.
832 1889 995 1973 legendnm
1010 1913 1075 1956 esse
1090 1913 1146 1975 pro
1160 1893 1273 1956 Ουιὸοι

148 1997 235 2050 reete
259 1987 398 2070 suspioeti
417 1996 488 2050 sunt
506 1985 545 2047 de
573 1988 674 2050 Puuw
706 1987 919 2062 (Reoberebes
937 1985 1187 2072 pbilompbiques
1218 2009 1272 2052 ιιιι·

149 2082 194 2146 les
214 2084 381 2166 Egyptiens
399 2093 431 2146 et
460 2081 504 2144 les
522 2079 649 2146 Cbinois
670 2080 831 2166 T.11‚p.
855 2082 960 2160 aiio.>,
991 2091 1023 2146 et
1043 2083 1102 2144 viri
1129 2081 1234 2160 (loeti,
1254 2105 1273 2146 s

151 2179 290 2241 Dussnlx
310 2177 442 2241 ooneulti
461 2177 659 2258 Burtbeleopr
686 2187 717 2240 et
735 2179 881 2243 Loretum.
908 2177 979 2256 Qus
998 2176 1130 2242 leotione
1149 2187 1272 2262 recepta

149 2270 354 2356 dispellontnr
371 2270 537 2348 tenebrae,
556 2281 620 2334 tum
639 2270 775 2334 versibus
792 2273 841 2336 ne.
863 2271 914 2336 33.
932 2279 964 2333 et
983 2270 1132 2348 35.‚tnm
1146 2271 1201 2334 toti
1213 2292 1272 2333 sr-

150 2367 227 2429 tirre
256 2365 453 2429 librariorum
474 2366 592 2429 inonrio
611 2365 732 2428 offusae.
763 2363 878 2428 lisdem
898 2365 1039 2428 firmatur
1058 2365 1114 2440 iis,
1133 2386 1211 2449 quos
1228 2365 1270 2430 ds

151 2461 275 2546 origine
293 2461 409 2524 erroris
426 2460 582 2524 adnotavit
600 2461 778 2524 Aobuintrer
798 2459 1023 2524 “Probabilior
1035 2457 1188 2522 videbitur
1204 2483 1269 2524 mu·

151 2558 225 2618 tutio
245 2557 326 2620 voois
348 2557 459 2639 Coptos
478 2557 511 2618 in
532 2557 661 2620 Combor
681 2565 694 2630 (
705 2555 787 2640 quod
808 2555 839 2617 in
854 2555 1006 2640 plerisque
1026 2555 1116 2619 MSS.
1134 2565 1168 2618 et
1180 2555 1268 2619 editt.

155 2649 308 2734 legitur),
329 2672 422 2733 quem
443 2651 556 2715 Ombos
575 2649 608 2712 iu
629 2650 777 2714 Combor:
803 2649 919 2712 fecilior
938 2659 983 2712 eet
1001 2651 1084 2735 eninr
1104 2669 1196 2712 uusm
1216 2649 1270 2712 ol-

151 2755 285 2809 ternmae
304 2745 424 2808 literam
445 2749 502 2830 (in
524 2746 624 2810 medio
641 2755 734 2820 rone)
755 2755 889 2820 moure,
909 2765 999 2829 qnam
1021 2744 1139 2807 litersm
1158 2743 1268 2806 initia-

149 2840 211 2903 lem
231 2841 299 2905 vooi
319 2842 445 2904 cuilibet
463 2842 574 2905 rddere
594 2852 647 2904 eut
660 2841 831 2905 detrubere.
848 2841 969 2904 Vitioso
982 2848 1084 2902 ruteni
1098 2839 1180 2903 eoois
1192 2861 1268 2904 sono

151 2957 208 3020 per
227 2937 343 3000 sseuuls
364 2938 420 2999 lx.
442 2947 474 2999 et
494 2937 534 2999 X.
554 2937 690 3000 litorum
712 2935 806 3000 mults
826 2937 858 2998 in
873 2936 1015 3009 numius,
1038 2935 1129 2998 verbs
1148 2943 1178 2998 et
1190 2934 1270 2998 sdis-

151 3031 248 3092 otivoa
269 3031 412 3115 irrepsit.'
423 3032 500 3096 lude
519 3053 557 3096 ex
572 3033 680 3112 Coptos
699 3033 812 3094 fertum
834 3033 948 3114 Copor,
961 3040 995 3092 ut
1008 3031 1069 3092 fert
1080 3030 1150 3092 Pot.
1161 3027 1271 3106 codex,

154 3147 193 3187 ex
213 3147 250 3188 eo
269 3127 416 3208 Conrpor.
450 3149 488 3190 er
509 3129 568 3192 boe
590 3129 740 3204 Combor,
761 3127 908 3202 Comboe,
936 3124 1083 3204 Caorbos,
1105 3123 1270 3188 Comboer

151 3219 206 3282 sed
227 3221 296 3304 quis
317 3223 408 3306 psulo
438 3223 634 3307 sapientiores
654 3223 746 3306 aliqui
767 3229 930 3295 noverant,
950 3219 1059 3305 oppida
1079 3219 1189 3282 borum
1210 3239 1272 3282 no·

151 3314 270 3377 minum
287 3315 373 3379 nulls
393 3339 455 3382 esse
476 3319 508 3380 in
528 3321 684 3402 Aegypto,
698 3319 797 3380 demta
812 3316 897 3379 litere
909 3315 948 3390 C,
961 3313 1105 3378 dixerunt
1124 3313 1273 3391 Ombos„

152 3407 222 3471 Euo
241 3412 380 3489 resedit,
399 3412 482 3497 quod
501 3412 619 3475 librarii
638 3411 745 3476 eodem
767 3411 858 3474 modo
879 3429 985 3473 aooem
1004 3409 1094 3492 Copti
1119 3428 1273 3492 corrupe-

154 3515 229 3568 runt
249 3511 278 3571 ι’.
298 3510 347 3571 28.
367 3517 398 3570 et
419 3507 640 3572 substituerunt
661 3509 768 3570 Combs'
786 3523 815 3570 et
834 3507 972 3586 Comptir
994 3513 1030 3566 ut
1048 3513 1154 3566 oontm
1170 3515 1272 3586 ιόμβοι

157 3619 217 3682 pro
237 3611 342 3684 ομβιι,
366 3621 413 3684 op.
434 3601 509 3664 l’tol.
531 3603 585 3680 IV,
606 3601 635 3664 5.
656 3601 730 3676 (elii
749 3612 873 3684 ομβριι,
893 3609 924 3662 et
944 3619 992 3683 sp.
1011 3595 1116 3682 Stepb.
1138 3599 1208 3682 Byr.
1220 3611 1273 3666 ot·

153 3710 213 3782 ρ...
237 3696 268 3756 iu
290 3695 382 3758 Notit.
404 3697 483 3781 lmp.
503 3699 591 3760 Rom.
612 3719 636 3762 s.
657 3719 706 3760 ιο.
726 3697 859 3770 Ambo).
891 3695 937 3758 Ne
955 3704 1056 3756 umen
1075 3691 1276 3772 dissimulem,

155 3791 241 3890 pund
263 3790 349 3852 nobis
368 3792 488 3855 obverti
509 3791 620 3876 possit,
635 3791 715 3853 idem
730 3789 878 3875 oppidum
892 3810 923 3852 v.
941 3790 990 3853 ao.
1012 3797 1135 3850 roostnr
1148 3789 1276 3871 Coptos,

155 3889 305 3962 etiorms
326 3907 409 3948 nom.
431 3885 512 3971 plur.
532 3908 593 3949 non
615 3886 687 3949 slibi
706 3886 850 3950 occurrit
875 3884 1039 3948 Enimvero
1060 3881 1274 3944 basediffioal·

158 3991 203 4044 tss
223 4004 286 4044 non
306 3983 384 4044 tenti
415 3993 481 4060 eat,
501 3982 607 4068 quenti
628 3979 785 4044 nonnullis
804 3978 901 4043 sideri
922 3979 1031 4062 poerit,
1052 3985 1085 4040 et
1114 3977 1275 4040 innumera

156 4079 247 4152 hius
267 4078 312 4140 rei
332 4078 469 4162 exemplu
484 4079 592 4161 poesim
613 4085 684 4139 snut
703 4075 800 4138 obvie.
826 4073 962 4138 Sufficiet
975 4091 1070 4134 unum
1085 4092 1280 4160 memorasse,

153 4195 193 4236 ex
213 4173 280 4256 ipso
306 4171 380 4237 b.l.
407 4173 555 4256 petitum:
585 4191 657 4233 num
677 4179 709 4234 et
729 4172 865 4251 Tentyra
896 4168 929 4232 in
958 4164 1040 4251 plur.
1069 4187 1154 4230 ιιιιι.
1183 4187 1277 4232 neuen

153 4267 260 4331 formu
280 4265 357 4332 dixit
375 4278 497 4352 praeter
516 4265 700 4337 iuvenalem.
