3120 5494
583 442 730 500 sirina
767 445 825 500 ur.
1172 409 1265 538 389

150 639 263 743 Nigra
283 637 389 743 quod
402 638 523 714 infusa
543 656 717 716 vanescat
735 645 840 745 sepia
860 639 1015 746 lympha
1026 671 1036 734 3

148 755 292 832 Dilutas
310 756 485 858 queritur
501 759 664 858 geminet
682 756 788 858 quod
805 755 929 830 fistula
950 755 1105 860 guttas(

198 875 371 964 Omiser,
389 875 505 974 inque
525 871 604 964 dies
626 870 725 946 ultra
743 875 868 948 miseri
893 876 1054 962 huccine
1075 901 1203 951 rerum
1234 915 1264 962 u

147 987 356 1062 Venimus?
377 1004 415 1060 at
432 1013 502 1061 cur
521 1013 600 1062 non
620 988 767 1090 potius,
785 1005 996 1090 teneroque
1014 989 1194 1094 palumbo

148 1105 198 1176 Et
213 1097 341 1176 similis
358 1127 489 1204 regum
506 1104 646 1203 pueris,
667 1129 834 1206 pappare
854 1105 1042 1178 minutum

148 1221 285 1310 Poscis,
305 1235 343 1292 et
361 1222 477 1294 iratus
499 1246 676 1292 mammae
697 1217 831 1294 lallare
850 1225 1031 1297 recusas?
1138 1275 1141 1280 -

198 1339 292 1411 «An
311 1336 375 1410 tali
393 1336 561 1412 studeam
581 1335 770 1410 calamon,
788 1340 857 1412 Coi
876 1338 1011 1414 verba?
1030 1335 1123 1440 quid
1143 1343 1229 1416 istas

146 1453 315 1560 Succinis
336 1452 537 1555 ambages?
555 1453 622 1526 tibi
639 1452 810 1534 luditur:
833 1455 951 1530 essluis
972 1481 1110 1530 amens.
1167 1477 1170 1484 '
1193 1497 1197 1513 ·
1232 1489 1266 1540 20

148 1651 197 1723 ipsi
213 1652 356 1718 sustinent,
377 1653 405 1704 in
424 1650 473 1704 slis
489 1652 578 1704 omnia
598 1662 680 1706 trans·
732 1653 889 1707 notandum.
914 1656 1004 1709 Horat.
1035 1673 1157 1726 pappare,
1180 1654 1268 1708 eibum

147 1736 245 1788 lerunt.
258 1733 338 1788 Modo
350 1743 519 1787 atramentum
529 1732 681 1788 nimiseras-
733 1737 851 1808 designat
872 1736 972 1790 tenellis
995 1757 1010 1792 s
1031 1738 1177 1792 nutricibus
1194 1755 1267 1792 man·

147 1838 206 1873 sum
213 1859 223 1883 ,
238 1820 319 1874 modo
332 1817 409 1872 nimis
420 1817 530 1878 dilutum
539 1826 586 1880 est,
596 1819 675 1872 modo
732 1821 863 1874 ducatum.
884 1821 1002 1892 Pappare
1015 1824 1118 1894 proprie
1129 1833 1168 1876 est
1178 1823 1267 1876 eibum

148 1902 262 1958 mamus
274 1903 325 1972 ipse
338 1901 504 1955 excusationis
513 1920 601 1956 snum
611 1920 681 1972 prae·
731 1921 834 1972 poscere
850 1903 891 1955 vel
904 1904 990 1958 edere.

148 1987 200 2042 bet
217 1989 316 2040 enlm
333 1987 439 2057 pendeat
457 1989 476 2040 i.
497 2003 521 2040 e.
534 1985 633 2040 calamo
646 1986 682 2040 ita
767 1992 808 2041 48.
833 1987 931 2040 lallare.
952 1989 997 2042 Est
1019 1987 1045 2041 b.
1067 1988 1085 2042 l.
1102 1989 1194 2044 naenia
1212 2005 1263 2040 nu·

148 2071 341 2136 adbaereat‚ut
354 2070 446 2124 duetus
454 2067 547 2124 calensi
556 2071 584 2122 in
594 2069 681 2124 chun
730 2071 801 2125 tricis
814 2091 859 2126 seu
871 2073 961 2126 matris
978 2076 1136 2141 (mammae)
1150 2091 1200 2141 qua
1213 2091 1267 2125 mo
1367 2095 1369 2100 ·

148 2173 202 2208 non
215 2155 362 2224 adparesnt.
731 2158 784 2209 rosi
801 2157 912 2210 infantes
933 2157 1086 2212 mulcentur.
1109 2156 1265 2210 Scholiastes

185 2246 226 2293 43.
240 2243 310 2308 sepia
323 2255 385 2308 pro:
400 2237 593 2300 stramentum,
611 2235 680 2304 quod
734 2240 796 2293 haec
816 2240 905 2294 habet:
927 2239 1046 2295 Nnntees
1067 2240 1218 2313 infantilem,
1240 2253 1267 2293 ut

149 2344 181 2378 ex
200 2323 284 2393 sepiae
304 2340 380 2376 sueoo
397 2320 541 2392 parabatur.
553 2323 593 2374 De
605 2320 682 2390 sepiis
734 2324 860 2376 dormiam
869 2366 875 2388 ‚
885 2325 965 2376 solem
975 2325 1057 2376 dicere
1068 2343 1159 2393 saepe.-
1172 2325 1262 2386 ntea,

149 2407 203 2479 agit
229 2405 360 2460 Aristotel.
377 2405 410 2458 de
432 2407 512 2458 anim.
536 2405 580 2467 lV,
598 2409 630 2469 ²3
648 2403 680 2456 de
732 2406 815 2472 lulla,
836 2406 917 2469 nna,
944 2421 988 2458 nist
1013 2407 1096 2458 dormi
1123 2419 1165 2460 out
1189 2407 1279 2488 laete'sl

148 2501 314 2554 atramento,
340 2509 393 2561 quo
412 2487 451 2542 usi
465 2497 525 2540 sisnt
537 2497 636 2539 veteres
648 2487 681 2538 ad
731 2489 799 2540 Bene
814 2505 872 2540 usus
885 2499 923 2541 est
937 2488 977 2541 his
990 2489 1076 2541 verbis
1089 2489 1191 2554 Noster,
1199 2506 1266 2559 quae
1303 2478 1306 2487 ¹

149 2575 310 2646 pingendum
324 2573 523 2626 scribendumve
538 2569 635 2624 Plinius
650 2573 681 2624 Hi
732 2591 785 2625 non
798 2571 881 2625 solum
899 2573 1104 2644 indignationem
1120 2575 1210 2642 po'dtse
1224 2576 1268 2625 in·

147 2658 181 2710 tt.
199 2657 306 2721 XXXV,
313 2665 371 2710 sect.
383 2659 423 2708 25.
433 2653 540 2725 lympha
552 2671 598 2721 pro
606 2671 680 2722 aqua.
732 2655 835 2719 dicant,
856 2649 946 2710 esrum
960 2656 1081 2710 etiamad
1096 2666 1205 2710 aetatem
1224 2668 1267 2710 te·

184 2739 324 2809 tbfistnla
335 2740 418 2807 Supra
435 2747 490 2790 erat
510 2736 613 2788 arundo.
677 2785 679 2788 .
732 2738 875 2801 nettorum,
889 2739 981 2807 quibus
993 2738 1118 2792 absurdus
1130 2738 1178 2790 iste
1190 2738 1264 2790 iove-

185 2825 292 2876 45-48.
313 2823 368 2874 lam
390 2821 491 2875 Persius
510 2839 524 2874 e
543 2818 681 2872 monitoris
733 2822 773 2874 nis
801 2833 855 2874 tsm
878 2822 970 2876 similis
995 2834 1052 2886 est,
1077 2821 1264 2893 designandam

147 2926 257 2978 persona
277 2907 376 2978 pergit:
404 2907 505 2975 Nempe
523 2923 554 2958 eo
572 2915 682 2958 ventum
732 2908 861 2976 aptissima
878 2918 948 2961 suut.

148 3003 203 3057 est,
221 3003 250 3045 ut
267 2992 314 3045 tibi
327 2993 380 3062 ipse
396 3010 449 3044 non
462 3002 570 3045 oonstes.
579 2991 626 3042 Vis
638 2990 678 3042 iu·
773 2997 881 3045 itt-24.
895 2993 1017 3064 Pigritiae
1033 2999 1059 3046 et
1075 2988 1188 3046 desidiae
1207 3009 1267 3046 suae

151 3078 225 3132 venis
250 3097 304 3132 esse
327 3088 353 3130 et
371 3077 476 3138 haberi,
497 3077 532 3130 ita
554 3085 640 3129 umen
656 3084 680 3126 te
734 3073 839 3145 eulpam
857 3075 889 3128 ad
914 3075 975 3128 alias
993 3093 1033 3128 res
1051 3075 1264 3148 transfersqper·

149 3163 234 3233 geris,
256 3172 285 3214 nt
304 3162 379 3232 pueri
405 3159 493 3213 tenelli
517 3158 682 3213 solennem
732 3158 804 3228 genti
829 3159 865 3210 ait
889 3157 1034 3214 monitors'
1053 3177 1123 3212 nune
1155 3161 1267 3212 maxime

149 3245 255 3300 taudem
277 3243 380 3298 illorum
403 3245 503 3296 turbam
522 3242 636 3306 fastidis,
654 3242 682 3292 in
733 3253 837 3313 tempus
860 3259 915 3295 esse
932 3243 1042 3296 minime
1060 3244 1268 3314 praetermitten-

150 3347 199 3397 qus
225 3345 329 3382 morum
356 3325 498 3380 similitudo
524 3324 609 3378 locum
635 3325 682 3378 tibi
733 3326 1268 3396 dum‚quoanimusadbueteneremenf

148 3411 285 3483 adsignat?
310 3443 315 3454 ·
338 3417 379 3463 45.
396 3413 467 3482 inque
488 3412 542 3462 dies
561 3411 627 3462 ultre
646 3429 681 3464 sc.
735 3412 835 3466 dari-et
849 3411 880 3465 sd
899 3412 1022 3466 virtutem
1039 3413 1145 3466 forman
1156 3413 1242 3483 possit.

148 3495 368 3550 loturuslsueeine
390 3513 470 3548 rerum
497 3511 558 3564 pros
583 3511 631 3558 eo,
654 3493 681 3546 in
768 3502 809 3549 49.
827 3496 1166 3549 Auserli'stndeamenlnmo?
1182 3496 1267 3546 Verba

149 3598 208 3634 eam
226 3579 409 3631 conditionem.
731 3578 841 3632 invenis.
869 3580 980 3632 medeam
995 3597 1044 3650 pro
1074 3577 1196 3633 scribam.
1219 3576 1266 3631 θυι·

185 3670 226 3717 to.
243 3675 370 3733 teuemepoe
382 3660 618 3730 palumbattomen
634 3659 681 3713 lioe
731 3663 824 3715 verba?
838 3661 929 3732 supple
951 3661 1005 3714 das.
1252 3713 1256 3718 ,

149 3746 246 3802 amoris
259 3757 285 3799 et
297 3745 436 3798 blanditiae
450 3743 682 3814 divitumpuerulis
767 3751 810 3799 2⁰.
832 3743 953 3799 Subrium.
982 3744 1114 3798 Subcinere
1141 3742 1171 3796 lt.
1191 3742 1208 3795 l.
1227 3753 1267 3796 est

148 3829 302 3901 plenamque
322 3829 501 3899 inponebatur.
518 3827 561 3880 Sie
576 3827 682 3880 abadu-
732 3829 765 3882 sd
780 3847 871 3882 vocem
893 3828 1022 3882 monentis
1047 3827 1138 3882 eadem
1166 3825 1267 3897 saepius

148 3916 229 3970 latore
254 3914 330 3968 liberi
351 3909 451 3971 aedessas
473 3911 680 3982 adpellalmntur.
732 3924 856 3986 repetere.
900 3915 1030 3984 Ambagee
1066 3923 1140 3964 voest
1175 3912 1268 3964 Noster

149 3999 319 4069 Theophrast.
330 3998 452 4072 ¹Cbnrnct.
463 3998 522 4069 περὶ
536 3997 623 4050 noles.
732 4007 877 4068 praetextus
892 4016 986 4063 vanos,
1005 3996 1099 4066 qulbus
1115 3994 1186 4048 adse
1199 4014 1265 4065 pus*

185 4093 225 4138 47.
236 4102 331 4154 regum.
347 4082 427 4151 Reges
440 4079 532 4134 blande
544 4091 570 4134 et
586 4080 677 4133 ndsen·
732 4079 845 4153 gandam
856 4081 937 4132 utitur
948 4082 1050 4150 ineptus
1060 4077 1170 4143 iuvenis,
1185 4095 1267 4147 quw

148 4166 241 4220 tatoris
254 4166 409 4220 vocabantur
422 4169 597 4218 Romanorum
613 4164 682 4233 prin·
734 4163 876 4234 doquidem
890 4160 1036 4214 huiusmodi
1051 4159 1117 4214 nihil
1133 4151 1198 4230 opus
1210 4159 1270 4212 suis·

149 4247 393 4318 cipesaclientibus
407 4259 431 4302 et
444 4248 592 4320 peregrinis.
602 4247 682 4317 Reges
733 4257 773 4302 set
802 4246 834 4300 ad
862 4245 1000 4309 laborem,
1031 4261 1108 4314 quem
1138 4243 1268 4314 suscipere

149 4352 252 4405 quoque
274 4333 397 4388 Horatius
412 4344 438 4386 et
451 4332 578 4387 luvenalis
594 4343 683 4388 vocent
733 4329 913 4402 uuusquisque
935 4329 1061 4382 mnarum
1086 4325 1182 4380 artium
1208 4335 1264 4380 stu·
1352 4377 1355 4384 ,

150 4417 243 4473 divites
265 4417 297 4472 ad
320 4417 415 4474 ssstnm
441 4427 466 4470 et
486 4415 576 4470 lurum
590 4433 681 4470 eorum
733 4415 819 4470 diosus
832 4414 922 4480 debet,
941 4411 1190 4483 subterfugiendum.
1208 4410 1266 4462 De·-
