<?xml version="1.0" encoding="UTF-8"?>
<!DOCTYPE html PUBLIC "-//W3C//DTD XHTML 1.0 Transitional//EN"
    "http://www.w3.org/TR/xhtml1/DTD/xhtml1-transitional.dtd">
<html xmlns="http://www.w3.org/1999/xhtml" xml:lang="en" lang="en">
 <head>
  <title>
</title>
<meta http-equiv="Content-Type" content="text/html;charset=utf-8" />
  <meta name='ocr-system' content='tesseract 3.04.00' />
  <meta name='ocr-capabilities' content='ocr_page ocr_carea ocr_par ocr_line ocrx_word'/>
</head>
<body>
  <div class='ocr_page' id='page_1' title='image "./diuniiiuvenalis00persgoog_0070.png"; bbox 0 0 3028 5492; ppageno 0'>
   <div class='ocr_carea' id='block_1_1' title="bbox 707 413 956 479">
    <p class='ocr_par' dir='ltr' id='par_1_1' title="bbox 707 413 956 479">
     <span class='ocr_line' id='line_1_1' title="bbox 707 413 956 479; baseline 0.008 -3"><span class='ocrx_word' id='word_1_1' title='bbox 707 413 762 477; x_wconf 84' lang='lat' dir='ltr'>DE</span> <span class='ocrx_word' id='word_1_2' title='bbox 796 415 956 479; x_wconf 74' lang='lat' dir='ltr'>stritus</span> 
     </span>
    </p>
   </div>
   <div class='ocr_carea' id='block_1_2' title="bbox 268 381 352 484">
    <p class='ocr_par' dir='ltr' id='par_1_2' title="bbox 268 381 352 484">
     <span class='ocr_line' id='line_1_2' title="bbox 268 381 352 484; baseline -0.048 0"><span class='ocrx_word' id='word_1_3' title='bbox 268 381 352 484; x_wconf 87' lang='lat' dir='ltr'>lxii</span> 
     </span>
    </p>
   </div>
   <div class='ocr_carea' id='block_1_3' title="bbox 211 617 1405 2533">
    <p class='ocr_par' dir='ltr' id='par_1_3' title="bbox 211 617 1405 2533">
     <span class='ocr_line' id='line_1_3' title="bbox 268 617 1404 706; baseline -0.002 -22"><span class='ocrx_word' id='word_1_4' title='bbox 268 621 464 685; x_wconf 72' lang='lat' dir='ltr'>acerbitatem</span> <span class='ocrx_word' id='word_1_5' title='bbox 485 617 549 704; x_wconf 83' lang='lat' dir='ltr'>ipse</span> <span class='ocrx_word' id='word_1_6' title='bbox 579 618 818 695; x_wconf 69' lang='lat' dir='ltr'>reformidabata</span> <span class='ocrx_word' id='word_1_7' title='bbox 844 631 874 684; x_wconf 88' lang='lat' dir='ltr'>et</span> <span class='ocrx_word' id='word_1_8' title='bbox 897 621 983 684; x_wconf 73' lang='lat' dir='ltr'>nario</span> <span class='ocrx_word' id='word_1_9' title='bbox 1012 639 1118 683; x_wconf 88' lang='lat' dir='ltr'>rerum</span> <span class='ocrx_word' id='word_1_10' title='bbox 1143 639 1201 682; x_wconf 84' lang='lat' dir='ltr'>asu</span> <span class='ocrx_word' id='word_1_11' title='bbox 1222 619 1404 706; x_wconf 87' lang='lat' dir='ltr'>intimaque</span> 
     </span>
     <span class='ocr_line' id='line_1_4' title="bbox 268 715 1404 800; baseline -0.002 -20"><span class='ocrx_word' id='word_1_12' title='bbox 268 729 394 780; x_wconf 87' lang='lat' dir='ltr'>naturae</span> <span class='ocrx_word' id='word_1_13' title='bbox 416 721 563 780; x_wconf 79' lang='lat' dir='ltr'>humanae</span> <span class='ocrx_word' id='word_1_14' title='bbox 593 720 772 800; x_wconf 81' lang='lat' dir='ltr'><strong>cognitione</strong></span> <span class='ocrx_word' id='word_1_15' title='bbox 803 718 939 779; x_wconf 88' lang='lat' dir='ltr'>imbutus</span> <span class='ocrx_word' id='word_1_16' title='bbox 963 715 1132 791; x_wconf 81' lang='lat' dir='ltr'>didicerat,</span> <span class='ocrx_word' id='word_1_17' title='bbox 1151 726 1218 776; x_wconf 87' lang='lat' dir='ltr'>tum</span> <span class='ocrx_word' id='word_1_18' title='bbox 1239 718 1404 778; x_wconf 83' lang='lat' dir='ltr'>erroribus</span> 
     </span>
     <span class='ocr_line' id='line_1_5' title="bbox 269 813 1403 898; baseline -0.004 -20"><span class='ocrx_word' id='word_1_19' title='bbox 269 825 300 878; x_wconf 87' lang='lat' dir='ltr'>et</span> <span class='ocrx_word' id='word_1_20' title='bbox 315 815 408 876; x_wconf 89' lang='lat' dir='ltr'>animi</span> <span class='ocrx_word' id='word_1_21' title='bbox 429 816 477 879; x_wconf 85' lang='lat' dir='ltr'>vel</span> <span class='ocrx_word' id='word_1_22' title='bbox 496 815 618 876; x_wconf 84' lang='lat' dir='ltr'>levitate</span> <span class='ocrx_word' id='word_1_23' title='bbox 639 814 688 876; x_wconf 80' lang='lat' dir='ltr'>ael</span> <span class='ocrx_word' id='word_1_24' title='bbox 712 813 889 876; x_wconf 86' lang='lat' dir='ltr'>infirmitate</span> <span class='ocrx_word' id='word_1_25' title='bbox 911 813 1018 897; x_wconf 90' lang='lat' dir='ltr'>plura,</span> <span class='ocrx_word' id='word_1_26' title='bbox 1039 835 1128 898; x_wconf 89' lang='lat' dir='ltr'>quam</span> <span class='ocrx_word' id='word_1_27' title='bbox 1153 814 1216 874; x_wconf 88' lang='lat' dir='ltr'>eius</span> <span class='ocrx_word' id='word_1_28' title='bbox 1230 815 1403 896; x_wconf 85' lang='lat' dir='ltr'>pravitate,</span> 
     </span>
     <span class='ocr_line' id='line_1_6' title="bbox 268 909 1405 994; baseline 0 -24"><span class='ocrx_word' id='word_1_29' title='bbox 268 912 353 993; x_wconf 86' lang='lat' dir='ltr'>gigni</span> <span class='ocrx_word' id='word_1_30' title='bbox 375 912 462 986; x_wconf 83' lang='lat' dir='ltr'>vitia,</span> <span class='ocrx_word' id='word_1_31' title='bbox 486 921 548 970; x_wconf 90' lang='lat' dir='ltr'>tum</span> <span class='ocrx_word' id='word_1_32' title='bbox 574 910 671 972; x_wconf 88' lang='lat' dir='ltr'>facilia</span> <span class='ocrx_word' id='word_1_33' title='bbox 694 912 831 972; x_wconf 87' lang='lat' dir='ltr'>remedia</span> <span class='ocrx_word' id='word_1_34' title='bbox 852 933 941 994; x_wconf 85' lang='lat' dir='ltr'>saepe</span> <span class='ocrx_word' id='word_1_35' title='bbox 963 909 1136 971; x_wconf 85' lang='lat' dir='ltr'>salubriora</span> <span class='ocrx_word' id='word_1_36' title='bbox 1158 931 1222 971; x_wconf 84' lang='lat' dir='ltr'>esse</span> <span class='ocrx_word' id='word_1_37' title='bbox 1244 919 1275 971; x_wconf 88' lang='lat' dir='ltr'>et</span> <span class='ocrx_word' id='word_1_38' title='bbox 1293 911 1405 972; x_wconf 85' lang='lat' dir='ltr'>effica-</span> 
     </span>
     <span class='ocr_line' id='line_1_7' title="bbox 269 1006 1403 1090; baseline -0.003 -19"><span class='ocrx_word' id='word_1_39' title='bbox 269 1011 351 1071; x_wconf 89' lang='lat' dir='ltr'>eiora</span> <span class='ocrx_word' id='word_1_40' title='bbox 374 1007 622 1081; x_wconf 81' lang='lat' dir='ltr'>vehementibus,</span> <span class='ocrx_word' id='word_1_41' title='bbox 642 1017 705 1067; x_wconf 87' lang='lat' dir='ltr'>tum</span> <span class='ocrx_word' id='word_1_42' title='bbox 728 1008 820 1068; x_wconf 87' lang='lat' dir='ltr'>sotius</span> <span class='ocrx_word' id='word_1_43' title='bbox 842 1029 927 1083; x_wconf 85' lang='lat' dir='ltr'>esse,</span> <span class='ocrx_word' id='word_1_44' title='bbox 948 1007 1080 1090; x_wconf 83' lang='lat' dir='ltr'>tempori</span> <span class='ocrx_word' id='word_1_45' title='bbox 1101 1006 1216 1068; x_wconf 87' lang='lat' dir='ltr'>servire</span> <span class='ocrx_word' id='word_1_46' title='bbox 1243 1016 1273 1067; x_wconf 88' lang='lat' dir='ltr'>et</span> <span class='ocrx_word' id='word_1_47' title='bbox 1296 1027 1403 1068; x_wconf 87' lang='lat' dir='ltr'>mores</span> 
     </span>
     <span class='ocr_line' id='line_1_8' title="bbox 269 1104 1402 1188; baseline -0.002 -22"><span class='ocrx_word' id='word_1_48' title='bbox 269 1107 427 1168; x_wconf 88' lang='lat' dir='ltr'>hominum</span> <span class='ocrx_word' id='word_1_49' title='bbox 449 1105 624 1164; x_wconf 83' lang='lat' dir='ltr'>humaniter</span> <span class='ocrx_word' id='word_1_50' title='bbox 644 1105 857 1188; x_wconf 80' lang='lat' dir='ltr'>patienterque</span> <span class='ocrx_word' id='word_1_51' title='bbox 879 1107 960 1166; x_wconf 79' lang='lat' dir='ltr'>serre</span> <span class='ocrx_word' id='word_1_52' title='bbox 975 1147 984 1178; x_wconf 92' lang='lat'>,</span> <span class='ocrx_word' id='word_1_53' title='bbox 998 1127 1089 1188; x_wconf 88' lang='lat' dir='ltr'>quam</span> <span class='ocrx_word' id='word_1_54' title='bbox 1112 1104 1201 1163; x_wconf 86' lang='lat' dir='ltr'>nimis</span> <span class='ocrx_word' id='word_1_55' title='bbox 1216 1124 1318 1164; x_wconf 89' lang='lat' dir='ltr'>acrem</span> <span class='ocrx_word' id='word_1_56' title='bbox 1338 1126 1402 1165; x_wconf 89' lang='lat' dir='ltr'>eo-</span> 
     </span>
     <span class='ocr_line' id='line_1_9' title="bbox 269 1191 1402 1284; baseline -0.002 -20"><span class='ocrx_word' id='word_1_57' title='bbox 269 1224 339 1264; x_wconf 87' lang='lat' dir='ltr'>rnm</span> <span class='ocrx_word' id='word_1_58' title='bbox 359 1201 638 1262; x_wconf 80' lang='lat' dir='ltr'>animadversorem</span> <span class='ocrx_word' id='word_1_59' title='bbox 654 1191 853 1284; x_wconf 87' lang='lat' dir='ltr'>iudicemque</span> <span class='ocrx_word' id='word_1_60' title='bbox 875 1223 1014 1263; x_wconf 86' lang='lat' dir='ltr'>severum</span> <span class='ocrx_word' id='word_1_61' title='bbox 1038 1220 1117 1276; x_wconf 84' lang='lat' dir='ltr'>esse,</span> <span class='ocrx_word' id='word_1_62' title='bbox 1137 1209 1170 1260; x_wconf 90' lang='lat' dir='ltr'>et</span> <span class='ocrx_word' id='word_1_63' title='bbox 1189 1199 1232 1261; x_wconf 88' lang='lat' dir='ltr'>sic</span> <span class='ocrx_word' id='word_1_64' title='bbox 1252 1201 1352 1282; x_wconf 87' lang='lat' dir='ltr'>potius</span> <span class='ocrx_word' id='word_1_65' title='bbox 1367 1223 1402 1262; x_wconf 87' lang='lat' dir='ltr'>se</span> 
     </span>
     <span class='ocr_line' id='line_1_10' title="bbox 269 1295 1398 1380; baseline -0.001 -20"><span class='ocrx_word' id='word_1_66' title='bbox 269 1299 387 1372; x_wconf 87' lang='lat' dir='ltr'>stultis,</span> <span class='ocrx_word' id='word_1_67' title='bbox 405 1319 494 1380; x_wconf 87' lang='lat' dir='ltr'>quam</span> <span class='ocrx_word' id='word_1_68' title='bbox 517 1298 571 1358; x_wconf 85' lang='lat' dir='ltr'>bos</span> <span class='ocrx_word' id='word_1_69' title='bbox 586 1297 651 1357; x_wconf 91' lang='lat' dir='ltr'>aliis</span> <span class='ocrx_word' id='word_1_70' title='bbox 669 1296 854 1358; x_wconf 87' lang='lat' dir='ltr'>deridendos</span> <span class='ocrx_word' id='word_1_71' title='bbox 881 1297 1044 1378; x_wconf 87' lang='lat' dir='ltr'>propinare</span> <span class='ocrx_word' id='word_1_72' title='bbox 1067 1295 1138 1370; x_wconf 86' lang='lat' dir='ltr'>(Cl.</span> <span class='ocrx_word' id='word_1_73' title='bbox 1159 1295 1196 1357; x_wconf 88' lang='lat' dir='ltr'>ei.</span> <span class='ocrx_word' id='word_1_74' title='bbox 1217 1295 1325 1370; x_wconf 77' lang='lat' dir='ltr'>sant,</span> <span class='ocrx_word' id='word_1_75' title='bbox 1345 1319 1398 1374; x_wconf 85' lang='grc' dir='ltr'>ιο,</span> 
     </span>
     <span class='ocr_line' id='line_1_11' title="bbox 271 1384 1397 1476; baseline -0.004 -20"><span class='ocrx_word' id='word_1_76' title='bbox 271 1384 391 1476; x_wconf 86' lang='lat'>7·15.)¹</span> <span class='ocrx_word' id='word_1_77' title='bbox 408 1394 495 1471; x_wconf 86' lang='lat' dir='ltr'>Quae</span> <span class='ocrx_word' id='word_1_78' title='bbox 527 1415 622 1476; x_wconf 88' lang='lat' dir='ltr'>quum</span> <span class='ocrx_word' id='word_1_79' title='bbox 662 1393 704 1452; x_wconf 85' lang='lat' dir='ltr'>ita</span> <span class='ocrx_word' id='word_1_80' title='bbox 724 1401 842 1468; x_wconf 84' lang='lat' dir='ltr'>essent,</span> <span class='ocrx_word' id='word_1_81' title='bbox 872 1393 1014 1452; x_wconf 82' lang='lat' dir='ltr'>Horatius</span> <span class='ocrx_word' id='word_1_82' title='bbox 1035 1413 1096 1452; x_wconf 91' lang='lat' dir='ltr'>non</span> <span class='ocrx_word' id='word_1_83' title='bbox 1119 1401 1181 1452; x_wconf 88' lang='lat' dir='ltr'>tam</span> <span class='ocrx_word' id='word_1_84' title='bbox 1202 1390 1272 1452; x_wconf 86' lang='lat' dir='ltr'>vitia</span> <span class='ocrx_word' id='word_1_85' title='bbox 1292 1401 1397 1468; x_wconf 86' lang='lat' dir='ltr'>notat,</span> 
     </span>
     <span class='ocr_line' id='line_1_12' title="bbox 269 1486 1396 1576; baseline -0.003 -25"><span class='ocrx_word' id='word_1_86' title='bbox 269 1512 346 1576; x_wconf 87' lang='lat' dir='ltr'>qnae</span> <span class='ocrx_word' id='word_1_87' title='bbox 361 1490 484 1572; x_wconf 90' lang='lat' dir='ltr'>publice</span> <span class='ocrx_word' id='word_1_88' title='bbox 506 1488 605 1549; x_wconf 87' lang='lat' dir='ltr'>adhue</span> <span class='ocrx_word' id='word_1_89' title='bbox 624 1488 867 1565; x_wconf 77' lang='lat' dir='ltr'>coercebantur,</span> <span class='ocrx_word' id='word_1_90' title='bbox 882 1510 973 1568; x_wconf 89' lang='lat' dir='ltr'>quam</span> <span class='ocrx_word' id='word_1_91' title='bbox 987 1486 1146 1548; x_wconf 85' lang='lat' dir='ltr'>stultitiam</span> <span class='ocrx_word' id='word_1_92' title='bbox 1161 1494 1192 1547; x_wconf 86' lang='lat' dir='ltr'>et</span> <span class='ocrx_word' id='word_1_93' title='bbox 1204 1506 1323 1548; x_wconf 83' lang='lat' dir='ltr'>errores</span> <span class='ocrx_word' id='word_1_94' title='bbox 1335 1486 1396 1548; x_wconf 90' lang='lat' dir='ltr'>bu-</span> 
     </span>
     <span class='ocr_line' id='line_1_13' title="bbox 268 1581 1397 1670; baseline -0.004 -23"><span class='ocrx_word' id='word_1_95' title='bbox 268 1607 375 1648; x_wconf 86' lang='lat' dir='ltr'>manos</span> <span class='ocrx_word' id='word_1_96' title='bbox 390 1633 399 1665; x_wconf 84' lang='lat'><strong><em>‚</em></strong></span> <span class='ocrx_word' id='word_1_97' title='bbox 417 1585 469 1670; x_wconf 91' lang='lat' dir='ltr'>qui</span> <span class='ocrx_word' id='word_1_98' title='bbox 492 1585 597 1666; x_wconf 87' lang='lat' dir='ltr'>poenis</span> <span class='ocrx_word' id='word_1_99' title='bbox 617 1605 679 1643; x_wconf 88' lang='lat' dir='ltr'>non</span> <span class='ocrx_word' id='word_1_100' title='bbox 695 1593 850 1644; x_wconf 86' lang='lat' dir='ltr'>tenentur.</span> <span class='ocrx_word' id='word_1_101' title='bbox 873 1585 979 1666; x_wconf 90' lang='lat' dir='ltr'>Neque</span> <span class='ocrx_word' id='word_1_102' title='bbox 1002 1582 1033 1642; x_wconf 89' lang='lat' dir='ltr'>id</span> <span class='ocrx_word' id='word_1_103' title='bbox 1055 1581 1247 1666; x_wconf 86' lang='lat' dir='ltr'>potissimum</span> <span class='ocrx_word' id='word_1_104' title='bbox 1268 1583 1348 1663; x_wconf 87' lang='lat' dir='ltr'>agit,</span> <span class='ocrx_word' id='word_1_105' title='bbox 1361 1593 1397 1643; x_wconf 88' lang='lat' dir='ltr'>ut</span> 
     </span>
     <span class='ocr_line' id='line_1_14' title="bbox 272 1677 1401 1753; baseline -0.004 -11"><span class='ocrx_word' id='word_1_106' title='bbox 272 1681 447 1742; x_wconf 80' lang='lat' dir='ltr'>bominibus</span> <span class='ocrx_word' id='word_1_107' title='bbox 474 1679 564 1742; x_wconf 83' lang='lat' dir='ltr'>liuius</span> <span class='ocrx_word' id='word_1_108' title='bbox 593 1681 659 1741; x_wconf 88' lang='lat' dir='ltr'>aevi</span> <span class='ocrx_word' id='word_1_109' title='bbox 688 1679 736 1742; x_wconf 78' lang='lat' dir='ltr'>vel</span> <span class='ocrx_word' id='word_1_110' title='bbox 762 1680 909 1740; x_wconf 89' lang='lat' dir='ltr'>ruborem</span> <span class='ocrx_word' id='word_1_111' title='bbox 937 1679 1066 1753; x_wconf 84' lang='lat' dir='ltr'>eliciat,</span> <span class='ocrx_word' id='word_1_112' title='bbox 1095 1678 1143 1740; x_wconf 86' lang='lat' dir='ltr'>rel</span> <span class='ocrx_word' id='word_1_113' title='bbox 1177 1679 1255 1740; x_wconf 84' lang='lat' dir='ltr'>vitae</span> <span class='ocrx_word' id='word_1_114' title='bbox 1281 1677 1401 1739; x_wconf 84' lang='lat' dir='ltr'>officio-</span> 
     </span>
     <span class='ocr_line' id='line_1_15' title="bbox 270 1773 1402 1863; baseline -0.005 -22"><span class='ocrx_word' id='word_1_115' title='bbox 270 1799 401 1863; x_wconf 87' lang='lat' dir='ltr'>rumque</span> <span class='ocrx_word' id='word_1_116' title='bbox 429 1789 591 1860; x_wconf 88' lang='lat' dir='ltr'>praeoepta</span> <span class='ocrx_word' id='word_1_117' title='bbox 621 1775 774 1837; x_wconf 85' lang='lat' dir='ltr'>subtiliter</span> <span class='ocrx_word' id='word_1_118' title='bbox 798 1777 970 1857; x_wconf 76' lang='lat' dir='ltr'>graviterve</span> <span class='ocrx_word' id='word_1_119' title='bbox 1001 1773 1154 1850; x_wconf 88' lang='lat' dir='ltr'>inculcet,</span> <span class='ocrx_word' id='word_1_120' title='bbox 1181 1795 1273 1857; x_wconf 90' lang='lat' dir='ltr'>quam</span> <span class='ocrx_word' id='word_1_121' title='bbox 1293 1785 1327 1835; x_wconf 92' lang='lat' dir='ltr'>ut</span> <span class='ocrx_word' id='word_1_122' title='bbox 1347 1795 1402 1836; x_wconf 87' lang='lat' dir='ltr'>eos</span> 
     </span>
     <span class='ocr_line' id='line_1_16' title="bbox 268 1871 1402 1954; baseline -0.004 -17"><span class='ocrx_word' id='word_1_123' title='bbox 268 1875 360 1951; x_wconf 85' lang='lat' dir='ltr'>suita,</span> <span class='ocrx_word' id='word_1_124' title='bbox 391 1883 515 1936; x_wconf 71' lang='lat' dir='ltr'>venusta</span> <span class='ocrx_word' id='word_1_125' title='bbox 543 1895 578 1934; x_wconf 85' lang='lat' dir='ltr'>aa</span> <span class='ocrx_word' id='word_1_126' title='bbox 610 1872 740 1934; x_wconf 84' lang='lat' dir='ltr'>iucunda</span> <span class='ocrx_word' id='word_1_127' title='bbox 762 1877 880 1933; x_wconf 89' lang='lat' dir='ltr'>ratione</span> <span class='ocrx_word' id='word_1_128' title='bbox 901 1873 1092 1946; x_wconf 80' lang='lat' dir='ltr'>convineat,</span> <span class='ocrx_word' id='word_1_129' title='bbox 1123 1872 1203 1954; x_wconf 88' lang='lat' dir='ltr'>ipsos</span> <span class='ocrx_word' id='word_1_130' title='bbox 1230 1893 1295 1932; x_wconf 85' lang='lat' dir='ltr'>nou</span> <span class='ocrx_word' id='word_1_131' title='bbox 1325 1871 1402 1933; x_wconf 87' lang='lat' dir='ltr'>tales</span> 
     </span>
     <span class='ocr_line' id='line_1_17' title="bbox 269 1968 1403 2053; baseline -0.004 -19"><span class='ocrx_word' id='word_1_132' title='bbox 269 1994 354 2047; x_wconf 89' lang='lat' dir='ltr'>esse,</span> <span class='ocrx_word' id='word_1_133' title='bbox 384 1968 488 2053; x_wconf 89' lang='lat' dir='ltr'>quales</span> <span class='ocrx_word' id='word_1_134' title='bbox 509 1969 606 2031; x_wconf 90' lang='lat' dir='ltr'>videri</span> <span class='ocrx_word' id='word_1_135' title='bbox 632 1969 776 2052; x_wconf 86' lang='lat' dir='ltr'>eupiunt,</span> <span class='ocrx_word' id='word_1_136' title='bbox 801 1989 900 2052; x_wconf 88' lang='lat' dir='ltr'>neque</span> <span class='ocrx_word' id='word_1_137' title='bbox 931 1969 980 2043; x_wconf 87' lang='lat' dir='ltr'>iis,</span> <span class='ocrx_word' id='word_1_138' title='bbox 1010 1969 1062 2051; x_wconf 94' lang='lat' dir='ltr'>qui</span> <span class='ocrx_word' id='word_1_139' title='bbox 1084 1969 1218 2050; x_wconf 87' lang='lat' dir='ltr'>sapiant,</span> <span class='ocrx_word' id='word_1_140' title='bbox 1239 1968 1403 2049; x_wconf 88' lang='lat' dir='ltr'>imponere</span> 
     </span>
     <span class='ocr_line' id='line_1_18' title="bbox 269 2063 1402 2149; baseline 0 -24"><span class='ocrx_word' id='word_1_141' title='bbox 269 2087 357 2149; x_wconf 81' lang='lat' dir='ltr'>posse</span> <span class='ocrx_word' id='word_1_142' title='bbox 378 2065 425 2126; x_wconf 85' lang='lat' dir='ltr'>vel</span> <span class='ocrx_word' id='word_1_143' title='bbox 447 2063 584 2124; x_wconf 82' lang='lat' dir='ltr'>fraudem</span> <span class='ocrx_word' id='word_1_144' title='bbox 607 2065 716 2125; x_wconf 86' lang='lat' dir='ltr'>facere.</span> <span class='ocrx_word' id='word_1_145' title='bbox 733 2068 780 2146; x_wconf 83' lang='lat' dir='ltr'>(a)</span> <span class='ocrx_word' id='word_1_146' title='bbox 803 2065 885 2125; x_wconf 87' lang='lat' dir='ltr'>llioo</span> <span class='ocrx_word' id='word_1_147' title='bbox 906 2064 997 2126; x_wconf 90' lang='lat' dir='ltr'>etiam</span> <span class='ocrx_word' id='word_1_148' title='bbox 1013 2063 1121 2124; x_wconf 84' lang='lat' dir='ltr'>stultos</span> <span class='ocrx_word' id='word_1_149' title='bbox 1143 2067 1207 2125; x_wconf 83' lang='lat' dir='ltr'>fere</span> <span class='ocrx_word' id='word_1_150' title='bbox 1229 2073 1260 2122; x_wconf 89' lang='lat' dir='ltr'>et</span> <span class='ocrx_word' id='word_1_151' title='bbox 1280 2063 1402 2143; x_wconf 86' lang='lat' dir='ltr'>ineptos</span> 
     </span>
     <span class='ocr_line' id='line_1_19' title="bbox 271 2158 1403 2242; baseline -0.002 -20"><span class='ocrx_word' id='word_1_152' title='bbox 271 2162 426 2234; x_wconf 86' lang='lat' dir='ltr'>homines,</span> <span class='ocrx_word' id='word_1_153' title='bbox 457 2159 538 2222; x_wconf 77' lang='lat' dir='ltr'>velut</span> <span class='ocrx_word' id='word_1_154' title='bbox 569 2158 651 2219; x_wconf 88' lang='lat' dir='ltr'>aliud</span> <span class='ocrx_word' id='word_1_155' title='bbox 681 2181 794 2242; x_wconf 86' lang='lat' dir='ltr'>agens,</span> <span class='ocrx_word' id='word_1_156' title='bbox 813 2159 918 2236; x_wconf 88' lang='lat' dir='ltr'>ridet,</span> <span class='ocrx_word' id='word_1_157' title='bbox 940 2159 1032 2220; x_wconf 88' lang='lat' dir='ltr'>malos</span> <span class='ocrx_word' id='word_1_158' title='bbox 1053 2181 1126 2220; x_wconf 80' lang='lat' dir='ltr'>uero</span> <span class='ocrx_word' id='word_1_159' title='bbox 1149 2159 1280 2242; x_wconf 81' lang='lat' dir='ltr'>pugione</span> <span class='ocrx_word' id='word_1_160' title='bbox 1301 2159 1403 2240; x_wconf 73' lang='lat' dir='ltr'>magis</span> 
     </span>
     <span class='ocr_line' id='line_1_20' title="bbox 266 2248 1403 2340; baseline -0.002 -22"><span class='ocrx_word' id='word_1_161' title='bbox 266 2257 446 2340; x_wconf 86' lang='lat' dir='ltr'>pungit&#39;aut</span> <span class='ocrx_word' id='word_1_162' title='bbox 465 2248 601 2337; x_wconf 84' lang='lat' dir='ltr'>stringit,</span> <span class='ocrx_word' id='word_1_163' title='bbox 625 2277 717 2336; x_wconf 88' lang='lat' dir='ltr'>quam</span> <span class='ocrx_word' id='word_1_164' title='bbox 738 2257 800 2318; x_wconf 86' lang='lat' dir='ltr'>alte</span> <span class='ocrx_word' id='word_1_165' title='bbox 823 2257 973 2318; x_wconf 83' lang='lat' dir='ltr'>vulnerat.</span> <span class='ocrx_word' id='word_1_166' title='bbox 995 2256 1101 2334; x_wconf 85' lang='lat' dir='ltr'>Quin,</span> <span class='ocrx_word' id='word_1_167' title='bbox 1121 2265 1155 2316; x_wconf 92' lang='lat' dir='ltr'>ut</span> <span class='ocrx_word' id='word_1_168' title='bbox 1174 2257 1319 2317; x_wconf 88' lang='lat' dir='ltr'>maiorem</span> <span class='ocrx_word' id='word_1_169' title='bbox 1338 2256 1403 2316; x_wconf 83' lang='lat' dir='ltr'>sibi</span> 
     </span>
     <span class='ocr_line' id='line_1_21' title="bbox 272 2350 1399 2435; baseline -0.003 -21"><span class='ocrx_word' id='word_1_170' title='bbox 272 2353 490 2435; x_wconf 77' lang='lat' dir='ltr'>laetioremque</span> <span class='ocrx_word' id='word_1_171' title='bbox 519 2351 593 2410; x_wconf 86' lang='lat' dir='ltr'>alios</span> <span class='ocrx_word' id='word_1_172' title='bbox 620 2351 765 2433; x_wconf 84' lang='lat' dir='ltr'>carpendi</span> <span class='ocrx_word' id='word_1_173' title='bbox 792 2351 964 2413; x_wconf 88' lang='lat' dir='ltr'>libertatem</span> <span class='ocrx_word' id='word_1_174' title='bbox 989 2351 1144 2426; x_wconf 85' lang='lat' dir='ltr'>vindieat,</span> <span class='ocrx_word' id='word_1_175' title='bbox 1164 2350 1222 2410; x_wconf 86' lang='lat' dir='ltr'>sibi</span> <span class='ocrx_word' id='word_1_176' title='bbox 1247 2351 1312 2433; x_wconf 84' lang='lat' dir='ltr'>ipse</span> <span class='ocrx_word' id='word_1_177' title='bbox 1330 2371 1399 2412; x_wconf 89' lang='lat' dir='ltr'>non</span> 
     </span>
     <span class='ocr_line' id='line_1_22' title="bbox 211 2446 1399 2533; baseline -0.001 -25"><span class='ocrx_word' id='word_1_178' title='bbox 211 2509 218 2524; x_wconf 67' lang='grc'>,</span> <span class='ocrx_word' id='word_1_179' title='bbox 270 2451 389 2533; x_wconf 90' lang='lat' dir='ltr'>paroit,</span> <span class='ocrx_word' id='word_1_180' title='bbox 409 2469 468 2510; x_wconf 88' lang='lat' dir='ltr'>neo</span> <span class='ocrx_word' id='word_1_181' title='bbox 488 2446 619 2522; x_wconf 91' lang='lat' dir='ltr'>melior,</span> <span class='ocrx_word' id='word_1_182' title='bbox 640 2467 731 2530; x_wconf 89' lang='lat' dir='ltr'>quam</span> <span class='ocrx_word' id='word_1_183' title='bbox 757 2455 818 2526; x_wconf 88' lang='lat' dir='ltr'>est,</span> <span class='ocrx_word' id='word_1_184' title='bbox 839 2447 936 2510; x_wconf 83' lang='lat' dir='ltr'>rideri</span> <span class='ocrx_word' id='word_1_185' title='bbox 963 2446 1236 2532; x_wconf 85' lang='lat' dir='ltr'>eupit.·-Persius</span> <span class='ocrx_word' id='word_1_186' title='bbox 1272 2465 1399 2508; x_wconf 79' lang='lat' dir='ltr'>errores</span> 
     </span>
    </p>
   </div>
   <div class='ocr_carea' id='block_1_4' title="bbox 270 2701 810 4552">
    <p class='ocr_par' dir='ltr' id='par_1_4' title="bbox 270 2701 810 4552">
     <span class='ocr_line' id='line_1_23' title="bbox 305 2701 810 2767; baseline 0.01 -20"><span class='ocrx_word' id='word_1_187' title='bbox 305 2701 348 2767; x_wconf 86' lang='lat' dir='ltr'>(t)</span> <span class='ocrx_word' id='word_1_188' title='bbox 374 2719 383 2751; x_wconf 91' lang='grc' dir='ltr'>ιι</span> <span class='ocrx_word' id='word_1_189' title='bbox 393 2701 464 2754; x_wconf 86' lang='lat' dir='ltr'>Vitia</span> <span class='ocrx_word' id='word_1_190' title='bbox 492 2702 618 2753; x_wconf 86' lang='lat' dir='ltr'>immania</span> <span class='ocrx_word' id='word_1_191' title='bbox 630 2711 719 2754; x_wconf 85' lang='lat' dir='ltr'>notare</span> <span class='ocrx_word' id='word_1_192' title='bbox 733 2719 810 2752; x_wconf 87' lang='lat' dir='ltr'>suurn</span> 
     </span>
     <span class='ocr_line' id='line_1_24' title="bbox 270 2782 809 2854; baseline 0.009 -22"><span class='ocrx_word' id='word_1_193' title='bbox 270 2782 809 2854; x_wconf 83' lang='lat' dir='ltr'>nouerat,se‹lphilosophiamillam‚quam</span> 
     </span>
     <span class='ocr_line' id='line_1_25' title="bbox 271 2865 810 2928; baseline 0.009 -12"><span class='ocrx_word' id='word_1_194' title='bbox 271 2883 327 2918; x_wconf 86' lang='lat' dir='ltr'>non</span> <span class='ocrx_word' id='word_1_195' title='bbox 341 2865 478 2919; x_wconf 86' lang='lat' dir='ltr'>doctorum</span> <span class='ocrx_word' id='word_1_196' title='bbox 504 2867 641 2928; x_wconf 72' lang='lat' dir='ltr'>liirrnulis,</span> <span class='ocrx_word' id='word_1_197' title='bbox 666 2868 709 2919; x_wconf 82' lang='lat' dir='ltr'>sed</span> <span class='ocrx_word' id='word_1_198' title='bbox 729 2867 810 2922; x_wconf 88' lang='lat' dir='ltr'>multa</span> 
     </span>
     <span class='ocr_line' id='line_1_26' title="bbox 272 2953 809 3023; baseline 0.009 -20"><span class='ocrx_word' id='word_1_199' title='bbox 272 2971 362 3004; x_wconf 87' lang='lat' dir='ltr'>rerum</span> <span class='ocrx_word' id='word_1_200' title='bbox 382 2953 538 3022; x_wconf 76' lang='lat' dir='ltr'>experientia</span> <span class='ocrx_word' id='word_1_201' title='bbox 550 2953 599 3006; x_wconf 90' lang='lat' dir='ltr'>sibi</span> <span class='ocrx_word' id='word_1_202' title='bbox 616 2966 809 3023; x_wconf 82' lang='lat' dir='ltr'>comparaverat</span> 
     </span>
     <span class='ocr_line' id='line_1_27' title="bbox 271 3037 809 3107; baseline 0.006 -19"><span class='ocrx_word' id='word_1_203' title='bbox 271 3047 298 3090; x_wconf 85' lang='lat' dir='ltr'>et</span> <span class='ocrx_word' id='word_1_204' title='bbox 320 3057 382 3107; x_wconf 86' lang='lat' dir='ltr'>qnae</span> <span class='ocrx_word' id='word_1_205' title='bbox 405 3037 433 3088; x_wconf 90' lang='lat' dir='ltr'>io</span> <span class='ocrx_word' id='word_1_206' title='bbox 452 3037 573 3090; x_wconf 84' lang='lat' dir='ltr'>omnibus</span> <span class='ocrx_word' id='word_1_207' title='bbox 597 3037 663 3090; x_wconf 81' lang='lat' dir='ltr'>ritae</span> <span class='ocrx_word' id='word_1_208' title='bbox 694 3039 809 3107; x_wconf 80' lang='lat' dir='ltr'>partibus</span> 
     </span>
     <span class='ocr_line' id='line_1_28' title="bbox 271 3121 805 3194; baseline 0.009 -22"><span class='ocrx_word' id='word_1_209' title='bbox 271 3121 328 3192; x_wconf 87' lang='lat' dir='ltr'>plna</span> <span class='ocrx_word' id='word_1_210' title='bbox 342 3121 459 3176; x_wconf 85' lang='lat' dir='ltr'>utilitatis</span> <span class='ocrx_word' id='word_1_211' title='bbox 480 3122 571 3186; x_wconf 86' lang='lat' dir='ltr'>habet,</span> <span class='ocrx_word' id='word_1_212' title='bbox 589 3143 665 3194; x_wconf 89' lang='lat' dir='ltr'>quam</span> <span class='ocrx_word' id='word_1_213' title='bbox 686 3127 805 3178; x_wconf 90' lang='lat' dir='ltr'>omnium</span> 
     </span>
     <span class='ocr_line' id='line_1_29' title="bbox 271 3207 807 3277; baseline 0.007 -19"><span class='ocrx_word' id='word_1_214' title='bbox 271 3207 483 3277; x_wconf 83' lang='lat' dir='ltr'>pbilosophorum</span> <span class='ocrx_word' id='word_1_215' title='bbox 497 3207 606 3271; x_wconf 85' lang='lat' dir='ltr'>scrinio,</span> <span class='ocrx_word' id='word_1_216' title='bbox 618 3227 678 3260; x_wconf 87' lang='lat' dir='ltr'>curn</span> <span class='ocrx_word' id='word_1_217' title='bbox 697 3207 751 3261; x_wconf 82' lang='lat' dir='ltr'>aliis</span> <span class='ocrx_word' id='word_1_218' title='bbox 763 3229 807 3262; x_wconf 86' lang='lat' dir='ltr'>vo·</span> 
     </span>
     <span class='ocr_line' id='line_1_30' title="bbox 271 3289 807 3363; baseline 0.004 -21"><span class='ocrx_word' id='word_1_219' title='bbox 271 3289 319 3344; x_wconf 91' lang='lat' dir='ltr'>luit</span> <span class='ocrx_word' id='word_1_220' title='bbox 331 3290 539 3356; x_wconf 86' lang='lat' dir='ltr'>communicare,</span> <span class='ocrx_word' id='word_1_221' title='bbox 554 3303 738 3363; x_wconf 82' lang='lat' dir='ltr'>praeceptaque</span> <span class='ocrx_word' id='word_1_222' title='bbox 760 3311 807 3344; x_wconf 84' lang='lat' dir='ltr'>sua</span> 
     </span>
     <span class='ocr_line' id='line_1_31' title="bbox 271 3375 804 3428; baseline 0 0"><span class='ocrx_word' id='word_1_223' title='bbox 271 3375 298 3428; x_wconf 91' lang='lat' dir='ltr'>iu</span> <span class='ocrx_word' id='word_1_224' title='bbox 314 3375 450 3427; x_wconf 87' lang='lat' dir='ltr'>bominum</span> <span class='ocrx_word' id='word_1_225' title='bbox 464 3375 565 3428; x_wconf 83' lang='lat' dir='ltr'>animos</span> <span class='ocrx_word' id='word_1_226' title='bbox 575 3395 635 3428; x_wconf 90' lang='lat' dir='ltr'>cum</span> <span class='ocrx_word' id='word_1_227' title='bbox 650 3395 741 3428; x_wconf 88' lang='lat' dir='ltr'>eorum</span> <span class='ocrx_word' id='word_1_228' title='bbox 753 3395 804 3428; x_wconf 84' lang='lat' dir='ltr'>ro-</span> 
     </span>
     <span class='ocr_line' id='line_1_32' title="bbox 270 3459 805 3530; baseline -0.004 -17"><span class='ocrx_word' id='word_1_229' title='bbox 270 3459 366 3530; x_wconf 86' lang='lat' dir='ltr'>luptate</span> <span class='ocrx_word' id='word_1_230' title='bbox 381 3459 520 3512; x_wconf 86' lang='lat' dir='ltr'>inducere:</span> <span class='ocrx_word' id='word_1_231' title='bbox 537 3459 618 3513; x_wconf 84' lang='lat' dir='ltr'>voluit</span> <span class='ocrx_word' id='word_1_232' title='bbox 642 3459 751 3524; x_wconf 88' lang='lat' dir='ltr'>docere,</span> <span class='ocrx_word' id='word_1_233' title='bbox 766 3463 805 3512; x_wconf 86' lang='lat' dir='ltr'>in·</span> 
     </span>
     <span class='ocr_line' id='line_1_33' title="bbox 270 3543 804 3616; baseline 0 -20"><span class='ocrx_word' id='word_1_234' title='bbox 270 3556 384 3606; x_wconf 74' lang='lat' dir='ltr'>stratore,</span> <span class='ocrx_word' id='word_1_235' title='bbox 398 3561 510 3604; x_wconf 78' lang='lat' dir='ltr'>errores,</span> <span class='ocrx_word' id='word_1_236' title='bbox 526 3543 708 3616; x_wconf 77' lang='lat' dir='ltr'>quiliusnnimi</span> <span class='ocrx_word' id='word_1_237' title='bbox 720 3547 804 3614; x_wconf 68' lang='lat' dir='ltr'>oppri=</span> 
     </span>
     <span class='ocr_line' id='line_1_34' title="bbox 271 3625 805 3698; baseline 0 -20"><span class='ocrx_word' id='word_1_238' title='bbox 271 3637 421 3688; x_wconf 85' lang='lat' dir='ltr'>merentur,</span> <span class='ocrx_word' id='word_1_239' title='bbox 451 3625 580 3689; x_wconf 78' lang='lat' dir='ltr'>evellere,</span> <span class='ocrx_word' id='word_1_240' title='bbox 599 3627 733 3698; x_wconf 82' lang='lat' dir='ltr'>opiniones</span> <span class='ocrx_word' id='word_1_241' title='bbox 760 3627 805 3678; x_wconf 89' lang='lat' dir='ltr'>bo·</span> 
     </span>
     <span class='ocr_line' id='line_1_35' title="bbox 271 3713 808 3782; baseline -0.002 -18"><span class='ocrx_word' id='word_1_242' title='bbox 271 3713 375 3764; x_wconf 82' lang='lat' dir='ltr'>aninum</span> <span class='ocrx_word' id='word_1_243' title='bbox 402 3729 494 3781; x_wconf 82' lang='lat' dir='ltr'>pravos</span> <span class='ocrx_word' id='word_1_244' title='bbox 521 3721 547 3763; x_wconf 82' lang='lat' dir='ltr'>et</span> <span class='ocrx_word' id='word_1_245' title='bbox 574 3723 670 3764; x_wconf 86' lang='lat' dir='ltr'>temere</span> <span class='ocrx_word' id='word_1_246' title='bbox 694 3722 808 3782; x_wconf 80' lang='lat' dir='ltr'>acceptas</span> 
     </span>
     <span class='ocr_line' id='line_1_36' title="bbox 270 3795 808 3866; baseline -0.006 -15"><span class='ocrx_word' id='word_1_247' title='bbox 270 3795 370 3864; x_wconf 84' lang='lat' dir='ltr'>tollere,</span> <span class='ocrx_word' id='word_1_248' title='bbox 385 3807 430 3849; x_wconf 86' lang='lat' dir='ltr'>aut</span> <span class='ocrx_word' id='word_1_249' title='bbox 442 3796 590 3861; x_wconf 88' lang='lat' dir='ltr'>emendare,</span> <span class='ocrx_word' id='word_1_250' title='bbox 603 3796 746 3860; x_wconf 83' lang='lat' dir='ltr'>rationem,</span> <span class='ocrx_word' id='word_1_251' title='bbox 757 3816 808 3866; x_wconf 88' lang='lat' dir='ltr'>qua</span> 
     </span>
     <span class='ocr_line' id='line_1_37' title="bbox 271 3880 808 3952; baseline 0 -20"><span class='ocrx_word' id='word_1_252' title='bbox 271 3881 389 3952; x_wconf 83' lang='lat' dir='ltr'>optime,</span> <span class='ocrx_word' id='word_1_253' title='bbox 409 3901 512 3942; x_wconf 82' lang='lat' dir='ltr'>secure,</span> <span class='ocrx_word' id='word_1_254' title='bbox 532 3880 683 3951; x_wconf 87' lang='lat' dir='ltr'>tranquille,</span> <span class='ocrx_word' id='word_1_255' title='bbox 702 3882 808 3934; x_wconf 85' lang='lat' dir='ltr'>laoneste</span> 
     </span>
     <span class='ocr_line' id='line_1_38' title="bbox 272 3965 806 4038; baseline 0 -22"><span class='ocrx_word' id='word_1_256' title='bbox 272 3975 300 4016; x_wconf 86' lang='lat' dir='ltr'>et</span> <span class='ocrx_word' id='word_1_257' title='bbox 311 3985 372 4018; x_wconf 84' lang='lat' dir='ltr'>cum</span> <span class='ocrx_word' id='word_1_258' title='bbox 381 3965 515 4038; x_wconf 83' lang='lat' dir='ltr'>uoluptate</span> <span class='ocrx_word' id='word_1_259' title='bbox 524 3967 610 4018; x_wconf 73' lang='lat' dir='ltr'>vivere</span> <span class='ocrx_word' id='word_1_260' title='bbox 618 3966 697 4036; x_wconf 83' lang='lat' dir='ltr'>possis</span> <span class='ocrx_word' id='word_1_261' title='bbox 706 4008 713 4032; x_wconf 95' lang='lat'>,</span> <span class='ocrx_word' id='word_1_262' title='bbox 723 3975 806 4019; x_wconf 87' lang='lat' dir='ltr'>ostan-</span> 
     </span>
     <span class='ocr_line' id='line_1_39' title="bbox 275 4047 806 4114; baseline 0.006 -15"><span class='ocrx_word' id='word_1_263' title='bbox 275 4047 356 4112; x_wconf 89' lang='lat' dir='ltr'>dere,</span> <span class='ocrx_word' id='word_1_264' title='bbox 383 4060 408 4102; x_wconf 90' lang='lat' dir='ltr'>et</span> <span class='ocrx_word' id='word_1_265' title='bbox 426 4049 489 4102; x_wconf 83' lang='lat' dir='ltr'>hare</span> <span class='ocrx_word' id='word_1_266' title='bbox 510 4049 598 4102; x_wconf 85' lang='lat' dir='ltr'>omnio</span> <span class='ocrx_word' id='word_1_267' title='bbox 619 4051 668 4114; x_wconf 87' lang='lat' dir='ltr'>ita,</span> <span class='ocrx_word' id='word_1_268' title='bbox 689 4049 806 4102; x_wconf 88' lang='lat' dir='ltr'>utnulla</span> 
     </span>
     <span class='ocr_line' id='line_1_40' title="bbox 270 4129 805 4204; baseline 0.004 -21"><span class='ocrx_word' id='word_1_269' title='bbox 270 4129 389 4202; x_wconf 79' lang='lat' dir='ltr'>magistri</span> <span class='ocrx_word' id='word_1_270' title='bbox 404 4134 557 4197; x_wconf 80' lang='lat' dir='ltr'>seueritate,</span> <span class='ocrx_word' id='word_1_271' title='bbox 571 4131 644 4185; x_wconf 91' lang='lat' dir='ltr'>nullo</span> <span class='ocrx_word' id='word_1_272' title='bbox 661 4133 805 4204; x_wconf 83' lang='lat' dir='ltr'>plailoaoplai</span> 
     </span>
     <span class='ocr_line' id='line_1_41' title="bbox 270 4215 806 4283; baseline 0.002 -15"><span class='ocrx_word' id='word_1_273' title='bbox 270 4215 806 4283; x_wconf 78' lang='lat' dir='ltr'>supercilio,nulladoeticuiusdamosten·</span> 
     </span>
     <span class='ocr_line' id='line_1_42' title="bbox 271 4298 806 4367; baseline 0.002 -16"><span class='ocrx_word' id='word_1_274' title='bbox 271 4298 367 4352; x_wconf 84' lang='lat' dir='ltr'>tatione</span> <span class='ocrx_word' id='word_1_275' title='bbox 380 4299 555 4367; x_wconf 82' lang='lat' dir='ltr'>ollendereris,</span> <span class='ocrx_word' id='word_1_276' title='bbox 568 4301 613 4354; x_wconf 85' lang='lat' dir='ltr'>sed</span> <span class='ocrx_word' id='word_1_277' title='bbox 627 4311 656 4353; x_wconf 91' lang='lat' dir='ltr'>ut</span> <span class='ocrx_word' id='word_1_278' title='bbox 673 4302 755 4354; x_wconf 87' lang='lat' dir='ltr'>amico</span> <span class='ocrx_word' id='word_1_279' title='bbox 769 4299 806 4352; x_wconf 90' lang='lat' dir='ltr'>lu-</span> 
     </span>
     <span class='ocr_line' id='line_1_43' title="bbox 271 4385 805 4459; baseline 0.002 -20"><span class='ocrx_word' id='word_1_280' title='bbox 271 4385 360 4449; x_wconf 87' lang='lat' dir='ltr'>denti,</span> <span class='ocrx_word' id='word_1_281' title='bbox 374 4397 417 4438; x_wconf 88' lang='lat' dir='ltr'>ant</span> <span class='ocrx_word' id='word_1_282' title='bbox 431 4387 513 4455; x_wconf 84' lang='lat' dir='ltr'>potius</span> <span class='ocrx_word' id='word_1_283' title='bbox 528 4392 630 4443; x_wconf 80' lang='lat' dir='ltr'>veritati</span> <span class='ocrx_word' id='word_1_284' title='bbox 645 4389 702 4459; x_wconf 85' lang='lat' dir='ltr'>ipsi,</span> <span class='ocrx_word' id='word_1_285' title='bbox 716 4389 805 4442; x_wconf 88' lang='lat' dir='ltr'>habitu</span> 
     </span>
     <span class='ocr_line' id='line_1_44' title="bbox 270 4469 803 4552; baseline 0.008 -24"><span class='ocrx_word' id='word_1_286' title='bbox 270 4469 393 4552; x_wconf 68' lang='lat' dir='ltr'>cultuque</span> <span class='ocrx_word' id='word_1_287' title='bbox 409 4470 521 4548; x_wconf 85' lang='lat' dir='ltr'>simplici</span> <span class='ocrx_word' id='word_1_288' title='bbox 537 4485 564 4530; x_wconf 88' lang='lat' dir='ltr'>et</span> <span class='ocrx_word' id='word_1_289' title='bbox 580 4493 705 4543; x_wconf 79' lang='lat' dir='ltr'>qmaenn,</span> <span class='ocrx_word' id='word_1_290' title='bbox 721 4473 803 4532; x_wconf 84' lang='lat' dir='ltr'>multa</span> 
     </span>
    </p>
   </div>
   <div class='ocr_carea' id='block_1_5' title="bbox 859 2698 1398 3112">
    <p class='ocr_par' dir='ltr' id='par_1_5' title="bbox 859 2698 1398 3112">
     <span class='ocr_line' id='line_1_45' title="bbox 862 2698 1397 2773; baseline 0 -21"><span class='ocrx_word' id='word_1_291' title='bbox 862 2719 923 2753; x_wconf 90' lang='lat' dir='ltr'>cum</span> <span class='ocrx_word' id='word_1_292' title='bbox 948 2699 1093 2754; x_wconf 86' lang='lat' dir='ltr'>urbanitate</span> <span class='ocrx_word' id='word_1_293' title='bbox 1126 2698 1261 2773; x_wconf 86' lang='lat' dir='ltr'>loquenti,</span> <span class='ocrx_word' id='word_1_294' title='bbox 1287 2717 1397 2770; x_wconf 86' lang='lat' dir='ltr'>operam</span> 
     </span>
     <span class='ocr_line' id='line_1_46' title="bbox 862 2783 1398 2838; baseline 0 -2"><span class='ocrx_word' id='word_1_295' title='bbox 862 2783 923 2837; x_wconf 86' lang='lat' dir='ltr'>dare</span> <span class='ocrx_word' id='word_1_296' title='bbox 937 2785 982 2838; x_wconf 84' lang='lat' dir='ltr'>tibi</span> <span class='ocrx_word' id='word_1_297' title='bbox 1002 2785 1137 2838; x_wconf 80' lang='lat' dir='ltr'>videreris.</span> <span class='ocrx_word' id='word_1_298' title='bbox 1172 2790 1207 2838; x_wconf 80' lang='lat' dir='ltr'>Ex</span> <span class='ocrx_word' id='word_1_299' title='bbox 1222 2783 1269 2838; x_wconf 85' lang='lat' dir='ltr'>boc</span> <span class='ocrx_word' id='word_1_300' title='bbox 1286 2783 1398 2838; x_wconf 87' lang='lat' dir='ltr'>consilio</span> 
     </span>
     <span class='ocr_line' id='line_1_47' title="bbox 860 2868 1398 2940; baseline 0.002 -20"><span class='ocrx_word' id='word_1_301' title='bbox 860 2871 1016 2934; x_wconf 76' lang='lat' dir='ltr'>erratione,</span> <span class='ocrx_word' id='word_1_302' title='bbox 1037 2890 1087 2939; x_wconf 88' lang='lat' dir='ltr'>qua</span> <span class='ocrx_word' id='word_1_303' title='bbox 1108 2869 1134 2922; x_wconf 93' lang='lat' dir='ltr'>id</span> <span class='ocrx_word' id='word_1_304' title='bbox 1149 2879 1293 2940; x_wconf 85' lang='lat' dir='ltr'>persecutus</span> <span class='ocrx_word' id='word_1_305' title='bbox 1313 2871 1360 2932; x_wconf 82' lang='lat' dir='ltr'>sit,</span> <span class='ocrx_word' id='word_1_306' title='bbox 1373 2868 1398 2921; x_wconf 85' lang='lat' dir='ltr'>si</span> 
     </span>
     <span class='ocr_line' id='line_1_48' title="bbox 859 2953 1397 3026; baseline -0.004 -20"><span class='ocrx_word' id='word_1_307' title='bbox 859 2974 919 3007; x_wconf 91' lang='lat' dir='ltr'>eum</span> <span class='ocrx_word' id='word_1_308' title='bbox 933 2955 1095 3016; x_wconf 79' lang='lat' dir='ltr'>indicaveris,</span> <span class='ocrx_word' id='word_1_309' title='bbox 1108 2953 1221 3026; x_wconf 86' lang='lat' dir='ltr'>palmam</span> <span class='ocrx_word' id='word_1_310' title='bbox 1234 2973 1294 3006; x_wconf 88' lang='lat' dir='ltr'>sane</span> <span class='ocrx_word' id='word_1_311' title='bbox 1308 2955 1397 3004; x_wconf 88' lang='lat' dir='ltr'>omni-</span> 
     </span>
     <span class='ocr_line' id='line_1_49' title="bbox 859 3039 1396 3112; baseline -0.002 -21"><span class='ocrx_word' id='word_1_312' title='bbox 859 3041 920 3106; x_wconf 86' lang='lat' dir='ltr'>bus,</span> <span class='ocrx_word' id='word_1_313' title='bbox 937 3041 981 3112; x_wconf 88' lang='lat' dir='ltr'>qui</span> <span class='ocrx_word' id='word_1_314' title='bbox 1003 3043 1030 3094; x_wconf 90' lang='lat' dir='ltr'>in</span> <span class='ocrx_word' id='word_1_315' title='bbox 1051 3041 1099 3095; x_wconf 83' lang='lat' dir='ltr'>laoe</span> <span class='ocrx_word' id='word_1_316' title='bbox 1120 3060 1214 3112; x_wconf 87' lang='lat' dir='ltr'>genere</span> <span class='ocrx_word' id='word_1_317' title='bbox 1232 3059 1293 3092; x_wconf 85' lang='lat' dir='ltr'>eum</span> <span class='ocrx_word' id='word_1_318' title='bbox 1313 3039 1396 3091; x_wconf 79' lang='lat' dir='ltr'>sectati</span> 
     </span>
    </p>
   </div>
   <div class='ocr_carea' id='block_1_6' title="bbox 857 3124 1400 3278">
    <p class='ocr_par' dir='ltr' id='par_1_6' title="bbox 857 3124 1400 3278">
     <span class='ocr_line' id='line_1_50' title="bbox 857 3124 1394 3195; baseline -0.006 -18"><span class='ocrx_word' id='word_1_319' title='bbox 857 3133 934 3188; x_wconf 76' lang='lat' dir='ltr'>soar,</span> <span class='ocrx_word' id='word_1_320' title='bbox 951 3125 1103 3195; x_wconf 86' lang='lat' dir='ltr'>praeripiet,</span> <span class='ocrx_word' id='word_1_321' title='bbox 1122 3143 1174 3177; x_wconf 89' lang='lat' dir='ltr'>non</span> <span class='ocrx_word' id='word_1_322' title='bbox 1192 3124 1300 3194; x_wconf 90' lang='lat' dir='ltr'>quidem</span> <span class='ocrx_word' id='word_1_323' title='bbox 1315 3125 1394 3176; x_wconf 85' lang='lat' dir='ltr'>luve-</span> 
     </span>
     <span class='ocr_line' id='line_1_51' title="bbox 858 3204 1400 3278; baseline 0 -20"><span class='ocrx_word' id='word_1_324' title='bbox 858 3207 923 3271; x_wconf 84' lang='lat' dir='ltr'>nali,</span> <span class='ocrx_word' id='word_1_325' title='bbox 947 3207 993 3278; x_wconf 90' lang='lat' dir='ltr'>qni</span> <span class='ocrx_word' id='word_1_326' title='bbox 1021 3205 1091 3258; x_wconf 91' lang='lat' dir='ltr'>aliud</span> <span class='ocrx_word' id='word_1_327' title='bbox 1116 3217 1141 3258; x_wconf 89' lang='lat' dir='ltr'>et</span> <span class='ocrx_word' id='word_1_328' title='bbox 1167 3204 1241 3276; x_wconf 87' lang='lat' dir='ltr'>plane</span> <span class='ocrx_word' id='word_1_329' title='bbox 1263 3205 1400 3258; x_wconf 81' lang='lat' dir='ltr'>diversum</span> 
     </span>
    </p>
   </div>
   <div class='ocr_carea' id='block_1_7' title="bbox 856 3289 1401 4464">
    <p class='ocr_par' dir='ltr' id='par_1_7' title="bbox 856 3289 1401 4464">
     <span class='ocr_line' id='line_1_52' title="bbox 857 3289 1400 3358; baseline -0.004 -16"><span class='ocrx_word' id='word_1_330' title='bbox 857 3289 994 3342; x_wconf 85' lang='lat' dir='ltr'>eonsilium</span> <span class='ocrx_word' id='word_1_331' title='bbox 1008 3289 1057 3342; x_wconf 86' lang='lat' dir='ltr'>alia</span> <span class='ocrx_word' id='word_1_332' title='bbox 1075 3300 1100 3342; x_wconf 88' lang='lat' dir='ltr'>et</span> <span class='ocrx_word' id='word_1_333' title='bbox 1112 3289 1212 3342; x_wconf 83' lang='lat' dir='ltr'>diversa</span> <span class='ocrx_word' id='word_1_334' title='bbox 1225 3290 1324 3342; x_wconf 86' lang='lat' dir='ltr'>ratione</span> <span class='ocrx_word' id='word_1_335' title='bbox 1337 3308 1400 3358; x_wconf 81' lang='lat' dir='ltr'>per-</span> 
     </span>
     <span class='ocr_line' id='line_1_53' title="bbox 857 3371 1401 3446; baseline 0.002 -18"><span class='ocrx_word' id='word_1_336' title='bbox 857 3386 959 3428; x_wconf 81' lang='lat' dir='ltr'>secatus</span> <span class='ocrx_word' id='word_1_337' title='bbox 977 3386 1022 3428; x_wconf 86' lang='lat' dir='ltr'>est.</span> <span class='ocrx_word' id='word_1_338' title='bbox 1055 3375 1113 3428; x_wconf 89' lang='lat' dir='ltr'>Non</span> <span class='ocrx_word' id='word_1_339' title='bbox 1128 3375 1210 3446; x_wconf 85' lang='lat' dir='ltr'>nangis</span> <span class='ocrx_word' id='word_1_340' title='bbox 1224 3393 1316 3428; x_wconf 79' lang='lat' dir='ltr'>venam</span> <span class='ocrx_word' id='word_1_341' title='bbox 1330 3371 1401 3429; x_wconf 85' lang='lat' dir='ltr'>illud</span> 
     </span>
     <span class='ocr_line' id='line_1_54' title="bbox 856 3457 1398 3520; baseline -0.004 -10"><span class='ocrx_word' id='word_1_342' title='bbox 856 3457 975 3511; x_wconf 81' lang='lat' dir='ltr'>ridetur:</span> <span class='ocrx_word' id='word_1_343' title='bbox 998 3460 1168 3511; x_wconf 86' lang='lat' dir='ltr'>Horatianam</span> <span class='ocrx_word' id='word_1_344' title='bbox 1188 3457 1334 3520; x_wconf 86' lang='lat' dir='ltr'>rationem,</span> <span class='ocrx_word' id='word_1_345' title='bbox 1356 3461 1398 3508; x_wconf 90' lang='lat' dir='ltr'>ri·</span> 
     </span>
     <span class='ocr_line' id='line_1_55' title="bbox 857 3542 1399 3613; baseline -0.004 -17"><span class='ocrx_word' id='word_1_346' title='bbox 857 3545 942 3596; x_wconf 82' lang='lat' dir='ltr'>dendo</span> <span class='ocrx_word' id='word_1_347' title='bbox 957 3543 1161 3597; x_wconf 82' lang='lat' dir='ltr'>sciliceterrores</span> <span class='ocrx_word' id='word_1_348' title='bbox 1171 3542 1317 3613; x_wconf 87' lang='lat' dir='ltr'>corrigendi</span> <span class='ocrx_word' id='word_1_349' title='bbox 1323 3561 1399 3608; x_wconf 86' lang='lat' dir='ltr'>,me-</span> 
     </span>
     <span class='ocr_line' id='line_1_56' title="bbox 856 3625 1399 3697; baseline -0.004 -16"><span class='ocrx_word' id='word_1_350' title='bbox 856 3629 949 3682; x_wconf 90' lang='lat' dir='ltr'>liorem</span> <span class='ocrx_word' id='word_1_351' title='bbox 964 3646 1027 3692; x_wconf 81' lang='lat' dir='ltr'>esse,</span> <span class='ocrx_word' id='word_1_352' title='bbox 1036 3647 1113 3697; x_wconf 88' lang='lat' dir='ltr'>qnam</span> <span class='ocrx_word' id='word_1_353' title='bbox 1126 3647 1175 3697; x_wconf 87' lang='lat' dir='ltr'>qun</span> <span class='ocrx_word' id='word_1_354' title='bbox 1187 3625 1316 3680; x_wconf 80' lang='lat' dir='ltr'>Iuvenalis</span> <span class='ocrx_word' id='word_1_355' title='bbox 1332 3645 1399 3679; x_wconf 79' lang='lat' dir='ltr'>rastas</span> 
     </span>
     <span class='ocr_line' id='line_1_57' title="bbox 858 3711 1396 3782; baseline -0.006 -15"><span class='ocrx_word' id='word_1_356' title='bbox 858 3715 905 3782; x_wconf 81' lang='lat' dir='ltr'>sit,</span> <span class='ocrx_word' id='word_1_357' title='bbox 926 3723 955 3765; x_wconf 92' lang='lat' dir='ltr'>ut</span> <span class='ocrx_word' id='word_1_358' title='bbox 975 3713 1002 3764; x_wconf 90' lang='lat' dir='ltr'>in</span> <span class='ocrx_word' id='word_1_359' title='bbox 1020 3712 1147 3765; x_wconf 86' lang='lat' dir='ltr'>invidiam</span> <span class='ocrx_word' id='word_1_360' title='bbox 1170 3712 1232 3765; x_wconf 86' lang='lat' dir='ltr'>vitia</span> <span class='ocrx_word' id='word_1_361' title='bbox 1251 3711 1396 3764; x_wconf 83' lang='lat' dir='ltr'>adduceret</span> 
     </span>
     <span class='ocr_line' id='line_1_58' title="bbox 857 3795 1395 3869; baseline -0.006 -18"><span class='ocrx_word' id='word_1_362' title='bbox 857 3797 1113 3869; x_wconf 87' lang='lat' dir='ltr'>indignationemque</span> <span class='ocrx_word' id='word_1_363' title='bbox 1127 3807 1258 3862; x_wconf 84' lang='lat' dir='ltr'>moueret,</span> <span class='ocrx_word' id='word_1_364' title='bbox 1278 3795 1321 3849; x_wconf 83' lang='lat' dir='ltr'>sed</span> <span class='ocrx_word' id='word_1_365' title='bbox 1335 3798 1395 3848; x_wconf 89' lang='lat' dir='ltr'>Ho-</span> 
     </span>
     <span class='ocr_line' id='line_1_59' title="bbox 858 3882 1398 3954; baseline -0.002 -17"><span class='ocrx_word' id='word_1_366' title='bbox 858 3885 971 3947; x_wconf 86' lang='lat' dir='ltr'>ratium,</span> <span class='ocrx_word' id='word_1_367' title='bbox 998 3882 1067 3953; x_wconf 91' lang='lat' dir='ltr'>quod</span> <span class='ocrx_word' id='word_1_368' title='bbox 1087 3883 1133 3936; x_wconf 87' lang='lat' dir='ltr'>sibi</span> <span class='ocrx_word' id='word_1_369' title='bbox 1150 3883 1324 3954; x_wconf 85' lang='lat' dir='ltr'>proposuerit,</span> <span class='ocrx_word' id='word_1_370' title='bbox 1339 3901 1398 3936; x_wconf 84' lang='lat' dir='ltr'>nou</span> 
     </span>
     <span class='ocr_line' id='line_1_60' title="bbox 857 3967 1393 4037; baseline -0.007 -16"><span class='ocrx_word' id='word_1_371' title='bbox 857 3980 911 4022; x_wconf 88' lang='lat' dir='ltr'>tam</span> <span class='ocrx_word' id='word_1_372' title='bbox 924 3969 989 4020; x_wconf 87' lang='lat' dir='ltr'>bene</span> <span class='ocrx_word' id='word_1_373' title='bbox 1001 3967 1153 4020; x_wconf 78' lang='lat' dir='ltr'>adsecutum</span> <span class='ocrx_word' id='word_1_374' title='bbox 1167 3986 1239 4032; x_wconf 86' lang='lat' dir='ltr'>esse,</span> <span class='ocrx_word' id='word_1_375' title='bbox 1253 3985 1331 4037; x_wconf 87' lang='lat' dir='ltr'>quam</span> <span class='ocrx_word' id='word_1_376' title='bbox 1345 3971 1393 4020; x_wconf 91' lang='lat' dir='ltr'>lu-</span> 
     </span>
     <span class='ocr_line' id='line_1_61' title="bbox 859 4050 1396 4122; baseline -0.006 -16"><span class='ocrx_word' id='word_1_377' title='bbox 859 4051 992 4116; x_wconf 82' lang='lat' dir='ltr'>reoalem,</span> <span class='ocrx_word' id='word_1_378' title='bbox 1004 4052 1047 4122; x_wconf 89' lang='lat' dir='ltr'>qni</span> <span class='ocrx_word' id='word_1_379' title='bbox 1061 4051 1168 4104; x_wconf 77' lang='lat' dir='ltr'>feliciori</span> <span class='ocrx_word' id='word_1_380' title='bbox 1178 4069 1294 4104; x_wconf 85' lang='lat' dir='ltr'>successu</span> <span class='ocrx_word' id='word_1_381' title='bbox 1306 4050 1334 4103; x_wconf 90' lang='lat' dir='ltr'>in</span> <span class='ocrx_word' id='word_1_382' title='bbox 1347 4069 1396 4103; x_wconf 89' lang='lat' dir='ltr'>suo</span> 
     </span>
     <span class='ocr_line' id='line_1_62' title="bbox 857 4136 1393 4211; baseline -0.002 -21"><span class='ocrx_word' id='word_1_383' title='bbox 857 4157 951 4211; x_wconf 85' lang='lat' dir='ltr'>genere</span> <span class='ocrx_word' id='word_1_384' title='bbox 976 4157 1038 4191; x_wconf 79' lang='lat' dir='ltr'>usus</span> <span class='ocrx_word' id='word_1_385' title='bbox 1057 4137 1104 4207; x_wconf 86' lang='lat' dir='ltr'>sit;</span> <span class='ocrx_word' id='word_1_386' title='bbox 1124 4136 1202 4190; x_wconf 93' lang='lat' dir='ltr'>illum</span> <span class='ocrx_word' id='word_1_387' title='bbox 1220 4157 1314 4207; x_wconf 89' lang='lat' dir='ltr'>nempe</span> <span class='ocrx_word' id='word_1_388' title='bbox 1332 4155 1393 4189; x_wconf 88' lang='lat' dir='ltr'>raro</span> 
     </span>
     <span class='ocr_line' id='line_1_63' title="bbox 858 4220 1396 4290; baseline -0.004 -16"><span class='ocrx_word' id='word_1_389' title='bbox 858 4224 938 4275; x_wconf 86' lang='lat' dir='ltr'>risum</span> <span class='ocrx_word' id='word_1_390' title='bbox 953 4240 1058 4274; x_wconf 83' lang='lat' dir='ltr'>morere</span> <span class='ocrx_word' id='word_1_391' title='bbox 1073 4220 1194 4290; x_wconf 82' lang='lat' dir='ltr'>potuisse,</span> <span class='ocrx_word' id='word_1_392' title='bbox 1210 4221 1279 4273; x_wconf 82' lang='lat' dir='ltr'>laune</span> <span class='ocrx_word' id='word_1_393' title='bbox 1292 4237 1396 4290; x_wconf 83' lang='lat' dir='ltr'>semper</span> 
     </span>
     <span class='ocr_line' id='line_1_64' title="bbox 858 4303 1396 4377; baseline -0.002 -19"><span class='ocrx_word' id='word_1_394' title='bbox 858 4307 1064 4377; x_wconf 88' lang='lat' dir='ltr'>indignationem</span> <span class='ocrx_word' id='word_1_395' title='bbox 1077 4305 1207 4360; x_wconf 76' lang='lat' dir='ltr'>excitasse.</span> <span class='ocrx_word' id='word_1_396' title='bbox 1218 4325 1228 4356; x_wconf 91' lang='lat' dir='ltr'>u</span> <span class='ocrx_word' id='word_1_397' title='bbox 1250 4309 1287 4360; x_wconf 86' lang='lat' dir='ltr'>Ita</span> <span class='ocrx_word' id='word_1_398' title='bbox 1300 4303 1396 4374; x_wconf 69' lang='lat' dir='ltr'>iudicet</span> 
     </span>
     <span class='ocr_line' id='line_1_65' title="bbox 858 4389 1256 4464; baseline 0.005 -21"><span class='ocrx_word' id='word_1_399' title='bbox 858 4392 958 4464; x_wconf 79' lang='lat' dir='ltr'>Koeulg</span> <span class='ocrx_word' id='word_1_400' title='bbox 970 4389 1002 4444; x_wconf 86' lang='lat' dir='ltr'>de</span> <span class='ocrx_word' id='word_1_401' title='bbox 1016 4393 1069 4445; x_wconf 80' lang='lat' dir='ltr'>Sul.</span> <span class='ocrx_word' id='word_1_402' title='bbox 1086 4393 1160 4443; x_wconf 86' lang='lat' dir='ltr'>Rom.</span> <span class='ocrx_word' id='word_1_403' title='bbox 1175 4411 1199 4461; x_wconf 89' lang='lat' dir='ltr'>p.</span> <span class='ocrx_word' id='word_1_404' title='bbox 1215 4395 1256 4459; x_wconf 76' lang='grc' dir='ltr'>62.Ι</span> 
     </span>
    </p>
   </div>
   <div class='ocr_carea' id='block_1_8' title="bbox 0 0 1518 5492">
    <p class='ocr_par' dir='ltr' id='par_1_8' title="bbox 0 0 1518 5492">
     <span class='ocr_line' id='line_1_66' title="bbox 0 0 1518 5492; baseline 0 1"><span class='ocrx_word' id='word_1_405' title='bbox 0 0 1518 5492; x_wconf 95' lang='lat' dir='ltr'> </span> 
     </span>
    </p>
   </div>
  </div>
 </body>
</html>
