3098 5498
532 421 701 482 sarua
742 421 816 481 vu.
1151 386 1240 513 139
1300 512 1302 516 Ι

114 622 156 694 ,V
158 634 173 694 t
191 616 375 708 multum,
392 615 472 692 duo
490 616 697 692 sufficient:
722 643 783 692 res
801 613 908 693 nulla
927 619 1084 692 minoris

119 736 317 812 Constabit
335 735 458 843 patri,
475 762 592 836 quam
610 732 720 809 filius.
746 733 859 811 Vnde
875 738 991 838 igitur
1010 752 1068 810 tot

120 852 379 948 Quintilianus
404 851 521 928 habet
538 849 687 927 saltus?
707 851 889 956 Exempla
907 879 1095 932 novorum

118 973 303 1046 Fatorum
324 971 442 1046 transi
455 971 473 1044 ι’
485 967 575 1044 felix
592 985 631 1044 et
647 968 781 1074 pulcer
797 987 836 1044 et
855 995 942 1045 acer·
952 997 962 1060 ;
1199 1009 1246 1059 ,90

120 1084 227 1162 Felix
247 1101 286 1160 et
303 1089 452 1190 sapiens
470 1101 509 1160 et
527 1083 666 1160 nobilis
684 1100 722 1160 et
743 1111 950 1190 generosus

121 1203 343 1308 Appositum
359 1205 491 1305 nigrae
506 1200 637 1276 lunam
656 1200 819 1316 subtexit
838 1201 999 1278 alutae:-

123 1319 256 1413 Felix,
274 1336 406 1396 orator
423 1345 580 1423 quoque
599 1321 778 1394 maximus
796 1337 835 1394 et
853 1319 1059 1408 iaculator3

123 1439 195 1528 Et,
216 1440 245 1512 si
265 1436 462 1542 perfrixit,
482 1451 609 1510 cantat
627 1435 736 1510 hene.
764 1437 883 1511 Distat
903 1438 1023 1525 enim,
1040 1462 1138 1540 quae

123 1554 257 1630 Sidera
277 1573 315 1630 te
334 1557 523 1659 excipiant
541 1552 655 1628 modo
674 1555 815 1658 primos
832 1555 1077 1658 incipientem
1198 1586 1246 1636 tas

128 1671 257 1748 Edere
276 1673 421 1776 vagitus
441 1688 479 1746 et
497 1670 622 1746 adhuc
641 1699 662 1744 a
682 1688 801 1745 matre
819 1672 1032 1747 rubentem.

125 1788 168 1864 Si
186 1789 358 1864 Fortuna
376 1785 499 1877 volet,
517 1785 582 1861 lies
602 1785 651 1861 de
671 1787 824 1862 rhetore
844 1785 1001 1862 consul:

122 1905 163 1978 Si
183 1903 286 1982 volet
306 1906 398 1980 haec
419 1903 571 1993 eadem,
590 1901 654 1978 fies
675 1902 722 1977 dc
742 1901 897 1978 consule
918 1904 1058 1980 rhetor.

123 2021 328 2098 Ventidius
338 2021 432 2124 quid
451 2021 582 2096 enim?
602 2019 696 2122 quid
706 2018 883 2096 Tullius?
898 2047 996 2095 anne
1011 2015 1125 2106 aliud,
1136 2041 1250 2116 quam

123 2134 236 2212 Sidus
256 2151 295 2212 et
313 2134 453 2213 occulti
473 2135 643 2210 miranda
663 2139 833 2240 potentia
853 2134 948 2210 lati?
1012 2129 1015 2138 ’
1196 2163 1247 2213 rot

124 2251 251 2329 Servis
270 2280 387 2357 regna
406 2252 575 2344 dabunt,
591 2255 747 2358 captivis
767 2250 843 2326 fata
861 2251 1084 2356 triumphos.

128 2367 234 2444 Felix
252 2369 317 2446 ille
336 2389 460 2446 tamen
481 2397 597 2446 corvo
615 2396 770 2475 quoque
789 2373 911 2448 rarior.
930 2367 1029 2443 albo.

129 2488 321 2564 Paenituit
347 2488 484 2565 multos
504 2513 621 2567 vanae
641 2487 854 2592 sterilisque
874 2486 1097 2573 cathedrae,

128 2601 237 2677 Sicut
257 2591 523 2709 Thrasymachi
544 2603 683 2709 prohat
702 2607 821 2680 exitus
836 2621 951 2706 atque
968 2597 1133 2676 Secundi

128 2719 356 2796 Carrinatis:
375 2738 413 2796 et
431 2723 533 2796 hunc
552 2723 706 2826 inopem
725 2721 885 2812 vidistis,
904 2717 1094 2806 Athenae,
1198 2749 1248 2799 205

127 2833 191 2923 Nil
210 2853 362 2939 praeter
382 2837 524 2940 gelidas
544 2865 655 2913 ausae
676 2838 851 2914 conferre
872 2839 1025 2911 cicutae.

179 2955 438 3044 lll,maiorum
449 2957 592 3032 umbris
604 2973 755 3031 tenuem
766 2973 804 3060 et
815 2957 894 3052 sine
906 2953 1076 3058 pondere
1097 2965 1247 3040 terram,

126 3069 399 3176 Spirantesque
418 3099 549 3150 crocos
568 3091 606 3148 et
625 3076 665 3148 in
681 3101 778 3148 urna
799 3090 1026 3176 perpetuum
1044 3093 1110 3158 ver
1120 3123 1133 3161 ,
1243 3141 1246 3150 .

127 3189 205 3282 Qui
223 3208 510 3296 praeceptorem
528 3193 647 3300 sancti
667 3189 821 3269 voluere
840 3190 1008 3295 parentis

164 3459 221 3507 494.
233 3467 269 3507 επ
280 3455 371 3508 nobilis
384 3463 425 3510 ll.
710 3459 753 3508 25.
767 3460 808 3508 46.
827 3458 868 3508 48.
881 3458 923 3507 49.
941 3459 983 3506 55.
1002 3457 1043 3506 55.
1057 3458 1098 3506 57.
1111 3456 1156 3506 59.

161 3544 220 3593 493.
239 3541 360 3594 iaculator
388 3547 413 3596 7.
431 3546 473 3596 47.
492 3545 535 3596 48.
555 3545 659 3596 &le-v.
746 3545 804 3593 497.
820 3544 877 3591 498.
892 3539 968 3591 Cous.
978 3555 1036 3608 sup.
1049 3536 1081 3590 ad
1090 3541 1133 3602 111,
1146 3539 1188 3599 39,
1196 3539 1239 3588 48.

123 3621 364 3693 sup.atv1,449.
379 3629 438 3684 450.
744 3629 803 3677 ⁴99.
821 3643 855 3675 ..η
873 3629 913 3677 ta.
933 3629 976 3677 20.
992 3627 1036 3675 22.
1050 3629 1092 3676 ta.
1103 3649 1134 3664 -
1144 3615 1246 3691 αϋφιέά

162 3709 220 3759 494.
247 3691 379 3758 Etsi'uua
403 3709 465 3760 voce
492 3703 661 3759 scribendum
710 3714 752 3762 47.
771 3713 809 3761 48.
821 3714 862 3761 58.

123 3787 297 3857 crediderim,
322 3799 352 3842 ut
371 3789 521 3843 sensuesit:
544 3789 662 3858 quamvis
743 3795 801 3844 204.
822 3789 958 3860 triumphos
975 3789 1060 3860 recepi
1083 3808 1115 3842 ex
1142 3794 1181 3840 44.
1204 3792 1244 3840 42.

124 3871 158 3924 eit
177 3891 282 3938 raucus,
309 3884 396 3926 tamen
407 3873 472 3926 bene
487 3871 620 3926 declamat.
631 3901 662 3914 -
715 3880 826 3928 44-22.
836 3881 876 3928 24.
897 3880 939 3929 25.
957 3883 998 3931 27.
1012 3879 1121 3928 45-50.
1136 3877 1244 3926 55-69

124 3955 207 4009 dimac
241 3951 287 4010 tel
305 3959 385 4011 naar
411 3961 454 4011 aa.
479 3975 531 4009 non
552 3955 662 4028 improb.
713 3959 1245 4030 tt-rt.7⁷.utmphmtonstssn.

122 4039 280 4097 Schradero.
747 4044 885 4097 nonanta
899 4049 941 4095 tt.
953 4043 1079 4096 Mendum
1092 4039 1119 4097 h.
1133 4038 1152 4094 4.
1166 4041 1245 4094 latete

162 4130 220 4178 495.
235 4125 361 4198 accipiant
380 4129 424 4180 27.
443 4129 483 4180 47.
504 4131 545 4181 48.
563 4131 603 4181 54.
621 4131 660 4182 58.
712 4113 885 4195 suspicabatur
900 4124 1025 4178 Schurnll.

126 4213 171 4262 et.
186 4215 228 4263 ss.
746 4209 946 4284 noeentum
964 4215 1073 4264 45-47.
1093 4213 1134 4262 so.
1147 4213 1190 4262 ss.
1201 4211 1244 4261 eo.

163 4299 406 4348 cosummat.
710 4297 807 4346 enat.
908 4283 914 4286 ’
1162 4363 1165 4370 ¹

164 4381 222 4431 497.
233 4377 292 4448 fiee
310 4377 458 4432 deaurata
477 4377 568 4444 rhetor,
587 4385 613 4430 et
632 4395 659 4431 v.
746 4381 890 4430 2084444444
906 4375 1002 4430 dorm
1018 4376 1060 4429 22.
1076 4399 1109 4416 -
1125 4373 1245 4446 adferre

130 4463 189 4514 498.
200 4461 252 4534 fiee
268 4463 301 4517 de
311 4462 410 4518 rhesum
422 4463 555 4519 manullo.
567 4469 607 4520 46.
619 4466 663 4520 24.
711 4460 780 4530 conj.
795 4457 927 4514 Schrader.
