3120 5494
308 405 401 498 310
522 476 523 482 a
757 429 976 488 excvnsvs

303 637 391 712 lani,
413 633 467 696 bas
487 628 634 716 loquendi
656 629 770 690 formas
789 627 894 690 dactus
914 647 978 690 esse
987 599 1161 690 ⁸e'Graeoo·
1172 641 1257 714 5925,
1278 629 1327 694 vel
1352 644 1425 714 ῳ..

303 748 405 800 πᾶν...
422 743 521 816 ,am
543 747 591 808 np.
618 723 774 808 Aristopb.
802 724 886 786 Nnb.
913 724 999 786 1031.
1034 732 1065 784 et
1095 725 1201 808 Enrip.
1227 724 1312 787 Med.
1336 730 1425 804 ¹⁰49·

301 825 490 892 Praestiterit
510 832 608 883 temen
628 839 833 902 quascumque
855 819 962 880 mariti
981 819 1121 902 Exegere
1141 823 1213 894 ira,
1234 819 1265 880 b.
1285 841 1313 882 e.
1334 841 1425 904 saepe

302 928 469 1004 exegerunt
487 917 535 980 rel
546 957 556 989 ,
569 911 714 988 ἀορίστως,
735 911 856 994 exigere
870 910 978 973 solent.
993 912 1042 972 cf.
1057 911 1121 974 lani
1133 922 1191 972 art.
1206 920 1287 993 poet.
1308 935 1339 995 p.
1355 931 1426 990 291.

300 1018 465 1078 Enimvero
486 1016 538 1074 vix
558 1011 682 1085 dubito,
703 1009 779 1091 quin
800 1017 921 1090 recepta
941 1029 959 1068 a
978 1027 1028 1068 me
1057 1006 1147 1070 lectio
1167 1007 1206 1070 sit
1232 1028 1249 1068 a
1272 1008 1427 1070 Iuvenalis

300 1132 392 1172 manu
413 1109 548 1190 prolecta
574 1117 606 1167 et
625 1103 736 1167 deinde
756 1125 772 1164 a
801 1101 935 1164 librariis
957 1101 1005 1163 vel
1034 1101 1238 1178 scholasticis,
1264 1103 1317 1186 qui
1339 1103 1428 1166 illum

160 1249 162 1252 -
298 1203 441 1266 infinitivi
460 1201 539 1262 modi
562 1221 670 1271 nsum,
693 1197 733 1260 de
753 1219 814 1280 quo
827 1217 920 1280 supra
940 1196 1002 1257 dixi
1015 1239 1025 1272 ,
1040 1195 1241 1278 ignorabant,
1258 1196 1430 1268 immutate,

299 1299 465 1360 substituto
484 1295 579 1360 verbo
597 1293 702 1356 debent
725 1292 774 1355 rel
792 1291 897 1368 debet,
912 1291 996 1375 quod
1014 1291 1103 1356 docta
1122 1312 1247 1366 manns,
1270 1301 1428 1374 tamqnam

300 1393 419 1476 ellipsin
438 1388 652 1474 supplendam,
679 1389 809 1470 margini
830 1387 1042 1471 adscripscrat.
1060 1429 1094 1441 -
1107 1388 1218 1453 Moneo
1238 1387 1310 1450 baec
1325 1387 1428 1448 edno-

294 1485 396 1563 tevit:
423 1489 445 1525 ‘⁸
458 1479 571 1545 Verani
591 1490 762 1548 structurae
784 1481 846 1545 vina
861 1490 1013 1543 assecutas
1032 1490 1077 1542 cst
1090 1481 1187 1542 Gron.
1206 1479 1292 1551 Obss.
1313 1480 1356 1556 ll,
1375 1484 1426 1555 ¹4·

301 1574 403 1642 llliror
423 1588 543 1653 tamen,
561 1576 678 1639 nemini
709 1577 913 1660 interpretum
939 1577 972 1638 in
1002 1585 1135 1638 mentem
1164 1577 1295 1653 reabse,
1324 1574 1424 1638 latere

301 1693 388 1757 posse
408 1672 464 1736 snb
483 1676 558 1736 uati
576 1673 683 1734 mariti
703 1671 847 1756 gignendi
866 1692 967 1734 casum
988 1671 1131 1752 huncque
1162 1668 1294 1752 pendere
1319 1692 1336 1730 a
1356 1691 1422 1732 ro-

184 1791 187 1798 *
304 1769 373 1830 cula
392 1783 456 1844 est,
489 1769 551 1832 sive
579 1766 775 1830 librariorum
801 1766 919 1830 incuria
949 1767 983 1828 in
1004 1766 1065 1828 fine
1084 1787 1113 1829 v.
1148 1766 1219 1826 312.
1239 1787 1258 1827 e
1277 1775 1422 1829 contextu

305 1865 429 1941 amissa,
448 1865 511 1946 sire
530 1885 548 1926 a
569 1871 658 1948 poeta
678 1863 743 1950 ipso
769 1861 907 1928 consulto
926 1862 1038 1924 omissa
1058 1871 1088 1923 et
1105 1861 1311 1945 supplendos„
1325 1863 1424 1926 Mire·
1545 1898 1555 1931 .

301 1970 456 2022 terune:
476 1961 501 2022 sl
525 1980 599 2024 vero
619 1959 779 2042 mssimam
798 1961 939 2020 omnium
957 1957 1108 2027 rationem
1128 1978 1146 2017 u
1166 1979 1215 2018 me
1234 1958 1427 2042 propositam

302 2055 394 2130 dicit,
417 2074 478 2117 non
500 2055 626 2138 proban
649 2054 754 2118 licebit
771 2063 803 2119 et
821 2051 914 2128 mibi,
930 2051 969 2115 de
990 2051 1040 2116 illa
1061 2053 1179 2120 ratione
1197 2051 1338 2118 eamdem
1351 2073 1427 2114 sen-

304 2152 428 2216 tentiam
448 2152 541 2219 ferre.

757 2345 968 2409 EXCVRSVS

699 2495 749 2554 dn
769 2495 847 2555 Str.
868 2491 938 2568 Xl,
961 2491 1027 2578 173.

342 2630 454 2694 Versae
472 2629 616 2714 expeditu
635 2627 831 2692 difficillimus
849 2638 880 2692 et
899 2628 971 2691 binc
990 2629 1072 2692 forte
1097 2630 1210 2692 eiectas
1229 2649 1248 2692 e
1271 2629 1316 2692 13.
1344 2649 1426 2712 qnae

302 2727 441 2810 proiecto
461 2725 603 2786 facillima
623 2714 698 2786 nodi
717 2723 855 2785 solvendi
875 2723 955 2786 ratio
981 2733 1037 2786 est.
1058 2725 1222 2788 Maximam
1243 2723 1332 2784 nobis
1353 2745 1427 2784 mo·-

301 2822 420 2884 leatiam
441 2827 525 2882 creat
551 2839 610 2880 vox
630 2819 762 2880 obscure
780 2821 938 2899 pytisma,
958 2818 997 2881 de
1016 2841 1076 2902 qua
1089 2843 1118 2882 r.
1131 2821 1252 2884 Comm.
1260 2821 1427 2900 pytismate

303 2915 450 2978 exhibent
472 2937 499 2974 1.
517 2921 549 2974 et
568 2913 707 2995 plerique
726 2912 817 2976 eodd.
837 2923 900 2975 tem
914 2915 1019 2998 scripti
1033 2937 1123 2998 qnam
1138 2915 1234 2990 editi,
1248 2925 1309 2976 tem
1325 2916 1427 2976 nostri

303 3030 396 3092 quem
430 3007 620 3070 Perisienses.
645 3009 803 3090 pitismste
826 3029 871 3070 ιο.
896 3029 941 3088 ¹7·
966 3009 1211 3091 19·27·lss-l⁸·
1230 3009 1278 3072 58-
1299 3011 1352 3084 64.
1373 3009 1428 3091 67.

300 3104 460 3184 petismate
480 3092 718 3182 embolysmum
737 3123 781 3164 ιι.
798 3103 843 3164 ι8.
864 3103 914 3164 28.
936 3103 1023 3184 prob.
1052 3101 1163 3177 Valla,
1192 3111 1225 3162 ut
1243 3103 1324 3162 orbis
1349 3103 1428 3162 La-

303 3195 515 3258 cedaemonius
544 3196 583 3257 sit
612 3197 737 3259 troebau
757 3218 774 3259 e
802 3198 895 3281 pinu,
916 3197 944 3252 ie
958 3197 1063 3259 πίτυος.
1082 3218 1174 3282 quem
1194 3197 1312 3260 eesidnn
1333 3207 1429 3258 rota·

302 3292 388 3353 tione
408 3291 476 3353 oleo
498 3301 587 3352 uncta
608 3290 719 3353 mnlicr
738 3291 929 3354 lubricaverit
948 3315 971 3354 s.
991 3292 1183 3375 levigaverits
1197 3291 1236 3356 de
1249 3293 1428 3376 qnoGrae-

304 3407 412 3446 corum
424 3427 434 3460 ,
448 3387 528 3467 inpr.
542 3386 783 3472 Spartanorum,
798 3387 872 3450 lado
887 3410 915 3448 v.
935 3385 1056 3451 Comm.
1099 3388 1280 3471 pedeumate
1297 3387 1429 3450 exbibet

302 3489 390 3541 vetus
419 3480 548 3565 membr.
578 3481 711 3555 Mureti,
733 3503 824 3566 quem
845 3481 915 3544 vide
933 3482 966 3542 in
986 3483 1061 3544 Ver.
1082 3481 1165 3544 beot.
1185 3482 1236 3556 Χ,
1259 3483 1288 3544 6.
1303 3483 1427 3564 pitteu-

303 3588 385 3646 mate
404 3575 460 3636 alia
479 3575 694 3651 Tenbmunni,
715 3577 755 3638 nb
774 3597 811 3638 eo
833 3576 955 3642 laudata
974 3575 1012 3638 ad
1033 3575 1130 3640 Pleut.
1142 3577 1224 3639 Pers.
1248 3577 1290 3656 Υ,
1312 3599 1355 3651 2,
1372 3579 1429 3656 67.

301 3671 382 3750 pede
401 3669 484 3731 nudo
505 3669 583 3731 liber
602 3673 661 3732 lac.
680 3671 848 3754 Sobegkii,
868 3673 920 3755 qui
941 3673 973 3734 in
993 3672 1155 3738 Praemia.
1175 3682 1207 3734 et
1220 3671 1309 3734 Obss.
1325 3673 1429 3754 Epist.

303 3783 332 3824 c.
353 3765 382 3825 5.
403 3764 481 3826 lanne
507 3765 669 3828 lectionem
695 3765 853 3843 defendit,
878 3777 912 3830 ut
941 3789 1006 3830 anos
1036 3768 1226 3830 Graecorum
1255 3767 1426 3844 innuatur,

303 3881 380 3942 quos
400 3860 432 3919 in
452 3861 599 3922 conviviis
627 3861 725 3924 nudos
758 3861 879 3925 saltasse
909 3863 1007 3944 (pede
1037 3863 1132 3926 libero
1147 3864 1287 3947 pulsasse
1304 3877 1422 3924 terram
1487 3931 1490 3936 ¹

302 3952 480 4019 Horat.0d.
502 3957 611 4040 1‚37‚
635 3967 674 4031 1.)
690 3997 700 4033 ,
719 3957 849 4020 doceant
868 3959 1042 4022 Athenaeus
1064 3971 1095 4021 et
1116 3957 1182 4020 Cic.
1205 3961 1265 4021 Pis.
1289 3981 1336 4022 10.

343 4052 429 4127 Qnue
460 4051 604 4115 lectiones
633 4073 729 4135 quum
754 4073 815 4116 non
846 4053 1018 4116 arriderent
1037 4055 1122 4130 eliis,
1142 4053 1204 4116 diei
1224 4053 1275 4118 rix
1297 4063 1427 4135 potest,

302 4155 488 4228 quantopere
506 4147 539 4207 in
560 4147 595 4209 iis
614 4148 814 4211 emendandis
833 4171 958 4233 operum
980 4150 1118 4213 luserint.
1150 4149 1290 4213 Potiores
1309 4169 1422 4212 eorum

302 4243 490 4304 coniectores
519 4245 625 4328 paucio
651 4246 837 4307 recensuisse
856 4245 991 4307 sufficiet.
1011 4271 1045 4286 ··
1061 4247 1264 4329 puedaemute
1282 4246 1424 4330 suspice-

301 4335 390 4396 bntur
419 4336 531 4399 Caecil.
563 4339 729 4402 Minutian.
752 4339 791 4402 de
812 4341 973 4422 orthopn,
994 4349 1025 4402 et
1042 4339 1202 4423 porismate
1222 4350 1285 4417 (ut
1304 4341 1424 4423 legitur

301 4432 334 4490 in
355 4431 406 4493 63.
426 4432 476 4496 66.
497 4437 548 4513 69.
568 4433 606 4496 ad
626 4437 719 4517 marg.
734 4457 780 4516 7¹·
794 4438 841 4519 73.
863 4438 927 4516 74.)
947 4435 1033 4519 llopt.
1055 4437 1163 4521 Egnut.
1184 4439 1307 4500 liccem.
1329 4455 1355 4500 c.
1374 4457 1421 4516 ¹7·
