3108 5494
348 367 410 490 98
780 391 1011 452 rvvnuanrs·

344 593 465 690 Quale
482 593 596 669 decus
613 615 766 682 rerum,
785 592 815 666 si
833 591 1004 694 coniugis
1024 591 1154 668 auctiu-
1168 589 1259 668 fiet?
1415 637 1460 689 25,

342 709 494 786 Balteus
510 725 550 784 et
569 708 735 782 manicae
755 723 794 782 et
810 708 946 784 cristae
966 708 1167 810 crurisque
1186 709 1328 800 sinistri

344 823 551 900 Dimidium
571 823 755 924 tegimen;
774 820 834 900 vel
849 876 860 912 ,
878 825 909 897 si
927 820 1075 898 diversa
1095 823 1260 898 movebit

344 939 514 1030 Proelia,
533 956 576 1014 tu
594 937 705 1030 felix,
727 961 857 1014 ocreas
877 938 1065 1017 vendente
1089 937 1231 1043 puella.

343 1057 423 1130 llae
440 1073 549 1147 sunt,
568 1081 666 1158 quae
686 1058 792 1130 tenui
810 1054 947 1130 sudant
965 1058 1006 1129 in
1023 1053 1204 1158 cyclade,
1225 1083 1386 1159 quarum

347 1171 509 1247 Delicias
530 1189 568 1246 et
585 1170 812 1277 panniculus
832 1172 1084 1275 bombycinus
1101 1173 1189 1248 urit.
1413 1211 1459 1262 250

344 1287 534 1396 Adspice,
554 1312 632 1392 quo
649 1287 803 1364 fremitu
822 1307 1047 1366 monstratos
1069 1288 1239 1394 perferat
1253 1275 1379 1367 ictus
1443 1338 1457 1381 ‚
1542 1291 1543 1370 3

343 1406 396 1480 Et
413 1423 556 1506 quanto
575 1405 703 1508 galeae
722 1423 905 1482 curretur
922 1406 1115 1510 pondere,
1134 1423 1278 1508 quanta

343 1520 552 1621 Poplitibus
571 1521 718 1614 sedeat,
739 1547 852 1624 quam
872 1521 989 1600 denso
1008 1522 1122 1598 fascia
1142 1523 1262 1614 librc;

343 1637 395 1711 Et
411 1637 514 1730 ride,
533 1639 729 1742 scaphium
746 1641 876 1742 positis
895 1665 1012 1741 quum
1031 1625 1191 1716 sirmitur
1208 1640 1329 1717 armis.
1443 1688 1446 1694 ι

343 1757 467 1830 Dicite
483 1783 548 1833 vos
568 1773 701 1859 neptes
720 1755 853 1860 Lepidi
873 1761 1022 1833 caecive
1041 1756 1205 1848 Metelli,
1406 1791 1457 1842 uss
1544 1789 1545 1794 ’

344 1871 512 1974 Gurgitis
531 1889 595 1986 put
612 1871 736 1968 Fabii,
757 1899 855 1977 quae
874 1871 980 1948 ludia
997 1876 1171 1949 sumserit
1184 1899 1364 1978 >umquam

344 1984 422 2060 Hos
440 1987 613 2062 habitus?
632 1986 788 2089 quando
807 1988 855 2063 ad
873 1987 1002 2092 palum
1020 2005 1144 2090 gemat
1161 2012 1260 2064 uxor
1278 1985 1409 2088 Asyli?

395 2102 552 2208 Semper
568 2103 682 2178 habet
701 2103 786 2180 lites
804 2104 1030 2209 alternaque
1051 2109 1173 2208 iurgia
1192 2103 1334 2190 lectus,

343 2215 391 2290 In
410 2245 488 2320 quo
506 2235 624 2324 nupta
644 2222 761 2295 iacet:
781 2223 976 2296 minimum
995 2221 1182 2296 dormitur
1194 2222 1234 2295 in
1252 2218 1340 2294 illo.¹

344 2332 457 2407 Tunc
472 2339 592 2442 gravis
613 2333 678 2410 illa
696 2338 801 2429 viro,
819 2353 913 2412 tunc
930 2336 1025 2413 orba
1043 2336 1178 2439 tigride
1198 2337 1318 2440 peior.
1407 2363 1461 2417 art

379 2577 438 2628 255.
451 2573 532 2645 Quale
551 2575 624 2626 decret
640 2593 721 2627 terrun
734 2583 781 2628 cet.
798 2574 877 2628 inter·
962 2582 1021 2630 264.
1032 2575 1158 2650 praeferat
1171 2580 1263 2630 tuus.
1277 2581 1320 2628 66.

344 2672 465 2727 pungere
478 2656 609 2710 malebant
621 2659 655 2710 Η.
669 2655 755 2710 Valet.
767 2655 855 2712 etalii.
963 2662 1022 2712 263.
1035 2660 1085 2713 Pro
1093 2659 1181 2730 sarcia
1194 2657 1260 2710 sorte
1279 2653 1332 2725 leg.
1343 2655 1463 2728 seusina·

380 2745 440 2794 256.
452 2741 583 2803 mmt'cue,
598 2745 702 2808 cristae,
716 2747 756 2794 tt.
776 2747 818 2795 24.
835 2751 876 2795 tu·
928 2757 955 2794 v.
968 2743 1072 2794 Cenum.

344 2825 473 2894 eueaeprc
489 2824 686 2877 municaevetm
705 2821 789 2877 Sebcl.
807 2826 878 2878 cuitu
962 2829 1022 2879 265.
1037 2827 1151 2902 cuecirpre
1168 2829 1208 2878 46.
1224 2828 1265 2877 49.
1287 2825 1331 2877 24.
1348 2827 1392 2876 ts.
1407 2840 1464 2874 eue-

344 2906 430 2978 gloeee
443 2915 480 2962 eet
492 2907 569 2960 baeer
583 2907 676 2960 habau
688 2919 712 2960 et
722 2909 820 2960 unicae
830 2911 879 2959 Re·
928 2911 981 2960 eive
997 2914 1039 2963 27.
1058 2915 1098 2963 64.
1114 2915 1155 2963 63.
1170 2907 1281 2962 Creteiue
1298 2907 1404 2960 Metelli
1416 2909 1467 2974 (ut

343 2989 524 3054 tiariiscilicet,
535 2989 556 3044 ei
567 3009 702 3061 personum
714 2990 877 3045 autefficiurtt
928 3009 990 3044 mox
1013 2991 1127 3062 Gurgitis
1147 2991 1222 3045 Fabii
1230 2994 1243 3060 )
1263 2998 1288 3045 3.
1305 2997 1330 3044 4.
1345 3005 1400 3042 non
1415 2989 1467 3042 irn-

346 3073 402 3128 eius
415 3074 563 3146 susceperit.
579 3075 654 3127 Conf.
668 3076 771 3129 Cenum
928 3074 1000 3144 prob.
1013 3073 1094 3128 Nicol.
1107 3074 1196 3128 Heius.
1210 3075 1241 3128 ad
1258 3073 1338 3129 Ouid.
1350 3074 1466 3126 Metam.

380 3155 876 3228 257.vulg.tegmeu.Cons.Nic.Heine.
928 3161 990 3222 Vll,
1012 3163 1070 3212 223.
1090 3169 1120 3212 ut
1141 3159 1267 3213 innuatur
1284 3161 1317 3226 Q.
1340 3155 1472 3210 Metellus

344 3241 377 3294 ed
394 3239 441 3294 Sil.
451 3245 480 3306 1,
501 3245 560 3294 462.
573 3244 617 3312 qui
634 3251 722 3296 tamen
747 3241 781 3295 ed
801 3240 879 3314 virg.
928 3240 1043 3295 Creticus
1056 3242 1114 3294 Coe.
1130 3261 1155 3294 a.
1169 3249 1228 3295 674.
1242 3241 1287 3309 qui
1298 3243 1407 3293 Cretum
1420 3258 1469 3292 ex·

344 3325 410 3376 Aen.
421 3325 456 3378 lll
464 3363 472 3389 ,
486 3329 543 3379 594.
557 3334 583 3378 et
591 3327 640 3379 vlt
645 3363 654 3388 ,
668 3331 725 3379 666.
737 3335 877 3393 utramque
927 3325 1058 3396 pugnauit.
1075 3327 1159 3378 Pousis
1173 3325 1251 3378 etiam
1263 3325 1385 3395 euspicuri
1405 3324 1474 3378 cat

344 3408 498 3477 scripturam
511 3409 655 3463 (lamentet
667 3407 752 3462 ubiuis
764 3421 878 3478 tegumen
927 3411 982 3462 virve
997 3408 1116 3472 Metelli,
1132 3406 1158 3459 b.
1178 3426 1202 3460 e.
1218 3410 1249 3462 t..
1269 3405 1369 3460 Metelli
1388 3405 1473 3462 Calui

343 3491 523 3561 reponendum
541 3501 687 3548 6611446-
710 3492 818 3546 movebis
836 3497 879 3548 27.
928 3495 1022 3546 Coun.
1036 3493 1124 3544 DCXl.
1163 3489 1215 3544 Sed
1239 3489 1342 3561 vulgatu
1361 3507 1474 3561 queque

344 3581 389 3629 46.
401 3581 443 3629 47.
459 3583 501 3630 56.
928 3575 1005 3630 leutio
1016 3575 1083 3629 bene
1095 3593 1121 3627 re
1134 3574 1220 3628 habet.

381 3663 439 3713 268.
453 3671 505 3712 urm
517 3663 558 3714 23.
582 3664 622 3712 27.
639 3663 749 3714 46-59.
767 3661 878 3714 54-66.
960 3665 1020 3714 267.
1033 3662 1111 3730 gemit
1125 3665 1165 3713 tt.
1182 3664 1221 3711 42.
1244 3665 1283 3710 44.
1311 3663 1352 3714 45.
1368 3666 1415 3714 46.
1431 3665 1476 3713 46.

346 3752 389 3799 64.
407 3749 448 3798 65.
928 3751 970 3797 49.
985 3749 1092 3796 24-24.
1117 3749 1159 3797 26.
1177 3747 1285 3796 46-50.
1307 3749 1350 3796 54.
1364 3748 1410 3795 55.
1427 3748 1476 3796 59.

378 3834 437 3884 259.
451 3830 523 3882 Haec
546 3835 589 3883 st.
602 3834 645 3883 62.
658 3835 701 3884 65.
716 3835 757 3883 67.
776 3837 818 3882 74.
833 3835 874 3881 72.
928 3831 969 3880 69.
988 3833 1030 3880 64.
1050 3835 1092 3882 65.
1106 3832 1147 3880 85.
1165 3837 1191 3878 et
1213 3825 1289 3880 codd.
1308 3826 1391 3878 Paris.
1415 3825 1478 3878 sem

345 3911 733 3985 73.preb.l‘ulmuuno,uteit
749 3911 875 3985 enallage,
928 3927 1001 3963 omn.
1028 3939 1064 3957 -
1085 3913 1154 3962 Asttt
1174 3919 1214 3964 47.
1237 3916 1276 3964 49.
1295 3913 1414 3963 24-24.
1431 3916 1480 3963 27.

346 4010 376 4051 ut
389 3999 436 4052 ins.
454 4019 480 4052 u.
493 4005 552 4052 592.
562 4009 587 4051 et
599 4018 638 4068 ep.
653 4002 759 4050 Terent.
773 3996 801 4050 in
811 3997 877 4051 Eun.
929 4000 1038 4048 45-48,
1052 4001 1095 4046 59.
1116 4001 1157 4046 64.
1177 3998 1219 4048 65.
1244 3995 1323 4064 Asyli
1338 3999 1382 4046 49.
1401 3999 1481 4048 60·-

345 4087 444 4149 lll,5,
466 4085 548 4138 abiu
569 4083 650 4136 Andr.
673 4085 724 4146 tt,
741 4092 771 4146 t,
793 4085 876 4135 stin
929 4087 972 4133 69.
986 4083 1027 4132 65.
1042 4083 1084 4130 68.
1102 4078 1199 4130 7472.
1214 4084 1254 4131 73.
1269 4077 1414 4129 77.Αιι’ἱὰ”
1432 4079 1482 4129 26.

345 4168 483 4220 Heautcnl.
503 4167 556 4230 tv,
578 4174 610 4232 4,
628 4173 654 4218 4.
678 4166 746 4218 etin
772 4165 877 4220 Pburm.
930 4165 1012 4217 Arsilt'
1029 4168 1070 4216 48.

346 4253 386 4314 V,
400 4255 415 4304 9
433 4249 487 4318 (al.
501 4255 569 4312 46.),
584 4255 625 4304 23.
637 4250 729 4318 quibus
743 4261 830 4303 temen
840 4246 877 4299 lc·
962 4254 1019 4302 279.
1034 4247 1104 4299 Trute
1116 4248 1272 4300 revocarier
1286 4251 1326 4300 40.
1341 4253 1381 4300 43.
1403 4255 1483 4300 47-

347 4335 382 4387 cis
400 4335 519 4388 meliores
539 4334 598 4388 libri
621 4337 678 4388 Hae
700 4334 740 4390 vel
764 4334 878 4387 Haecine
928 4332 969 4382 25.
985 4335 1026 4382 67.
1048 4333 1158 4382 ‹tt-so.
1176 4333 1283 4382 54-69.
1298 4333 1416 4380 74-74,
1433 4333 1484 4382 85.

348 4417 476 4474 ultlbcrtt.
712 4455 716 4465 2
932 4413 998 4466 Tum
1014 4417 1108 4467 tutu.
1123 4411 1237 4465 Cwntd.
1254 4412 1409 4476 454626.
1433 4417 1486 4476 tu,

1544 2097 1546 2186 l
