3120 5494
574 425 721 488 Sd'fflid
756 428 800 485 tt.

1159 397 1249 490 381

137 625 328 701 Intendit:
351 627 423 700 iam
440 627 574 702 crescit
593 651 694 729 ager,
713 629 786 702 iam
803 631 941 704 crescit
956 630 1055 708 ovile
1070 687 1079 722 ,

136 744 213 817 Iam
229 742 395 835 dabitur,
409 745 481 818 inm
498 745 617 834 iamn..
636 743 759 820 donec
776 743 961 851 deceptus
979 765 1018 823 et
1038 773 1169 855 exspes
1231 785 1263 833 50

135 859 404 964 Nequidquam
422 859 544 938 fundo
563 864 727 966 suspirat
744 889 881 939 numus
901 867 941 938 in
963 868 1051 942 im0.

185 979 224 1053 Si
241 977 309 1054 tibi
328 983 659 1082 crateraseorgonti
678 983 886 1085 incusaque
905 971 1040 1088 pingui
1137 1059 1144 1074 ,

133 1095 240 1174 Auro
259 1097 361 1172 dona
379 1097 518 1188 seram,
539 1097 671 1188 sudes,
690 1115 730 1172 ct
750 1115 906 1201 pectore
927 1095 1036 1174 laevo

134 1213 311 1287 Excutiat
327 1229 449 1318 guttas
468 1213 601 1288 laetari
622 1211 908 1319 praetrepidum
922 1237 1006 1289 cor.

135 1391 271 1447 debentur.
321 1395 397 1466 suto.
411 1395 513 1448 Fertum
524 1395 569 1450 libi
582 1414 675 1468 genus,

134 1464 208 1529 cuius*
220 1476 247 1527 in
262 1475 392 1528 sacrifieiis
404 1475 528 1546 frequens
540 1495 610 1529 usus.
618 1479 675 1528 vin-

135 1575 189 1608 cere
207 1560 333 1627 perficere
359 1557 404 1623 id,
422 1559 491 1629 quod
510 1569 589 1630 optat.
623 1561 674 1614 tte.

137 1660 173 1694 sc.
188 1641 290 1696 stultus.

170 1731 211 1779 49.
224 1729 275 1778 iam
287 1731 373 1782 cressit
386 1747 448 1799 ager
461 1737 508 1780 eet.
541 1725 582 1780 At
597 1737 671 1781 netu·

135 1825 196 1860 rom
225 1808 339 1862 hominis
364 1811 450 1880 cupidi
477 1809 674 1866 adcommodato

135 1891 201 1958 hoe,
220 1894 281 1963 qui,
302 1895 370 1965 quod
385 1895 474 1967 cupit,
496 1913 550 1950 esse
572 1913 674 1968 quoque

135 1977 272 2030 existimet.
285 1983 371 2031 mseit
390 1997 471 2050 eger,
487 1979 536 2032 hoc
554 1997 611 2032 esse
624 1999 671 2048 po·

136 2069 201 2124 test,
216 2061 259 2114 vel
276 2063 378 2116 insolito
392 2063 549 2118 fecunditate
572 2074 626 2116 sete
646 2063 675 2117 in

135 2163 197 2216 egro
219 2147 396 2212 efflorescunt,
421 2147 465 2200 vel
489 2149 545 2219 ipse
566 2167 628 2219 eger
647 2150 685 2201 tit·

136 2231 222 2283 maior
234 2230 352 2284 adiuncto
366 2229 415 2284 elin
424 2239 496 2303 porte
506 2249 602 2302 ,·qnue,
617 2231 676 2285 dats

137 2312 224 2383 eliqua
237 2315 446 2386 opportunitate,
460 2329 546 2387 pareto
557 2326 613 2368 est:
627 2315 676 2370 hoc

137 2408 233 2465 spectat
256 2398 291 2451 da
300 2401 437 2470 fornorere
452 2411 562 2470 penates.
590 2403 676 2452 assuit

137 2481 211 2534 ovile.
225 2483 245 2536 i.
258 2501 281 2534 e.
298 2501 424 2537 numerus
444 2483 533 2539 ovium
548 2485 599 2538 iem
618 2483 672 2536 sre-

137 2566 229 2637 quenti
247 2565 301 2618 setu
318 2577 444 2639 rugetur3
462 2567 511 2621 hoc
524 2567 628 2638 respicit
641 2567 676 2620 da

136 2667 209 2718 peaes
217 2685 228 2712 ,
245 2648 281 2701 de
297 2651 417 2720 gregibus
420 2651 514 2723 fetum

145 2756 150 2766 ¹
171 2736 213 2786 50.
229 2739 270 2786 54.
298 2733 356 2785 Iam
369 2735 468 2788 dabitur
488 2753 522 2788 se.
540 2734 608 2804 quod
626 2733 674 2787 sd·

724 1392 834 1448 unicum
859 1391 942 1449 adhuc
967 1401 1107 1448 restantem
1138 1393 1261 1448 animad-

725 1477 812 1532 vertit.

759 1566 866 1616 52-58.
898 1565 941 1616 Tu
971 1564 1051 1618 borno
1086 1562 1260 1634 ineptissime,

724 1647 793 1698 Deos
811 1664 841 1698 ex
854 1655 899 1700 tuo
916 1647 1022 1720 ingenio
1037 1647 1151 1715 metiris,
1169 1646 1256 1700 existi-

724 1747 847 1799 mesque,
864 1750 906 1783 eos
925 1731 1016 1784 eadem
1037 1737 1137 1784 ratione
1155 1749 1218 1783 euro
1234 1739 1261 1783 et

725 1825 832 1883 urgento
849 1813 968 1867 delectori
978 1854 987 1880 ,
1005 1825 1035 1868 ut
1048 1826 1074 1868 tu
1086 1813 1175 1884 tuique
1188 1812 1261 1867 sirni-

724 1889 769 1944 les.
783 1895 822 1945 Ex
836 1892 885 1946 hoc
905 1893 1030 1947 nimirum
1053 1895 1124 1946 sonte
1138 1893 1261 1965 profluxit

724 1975 815 2029 insane
829 1975 876 2030 istu
886 1977 960 2042 ratio,
973 1995 1023 2046 qua
1036 1976 1180 2031 diuitiaeex
1193 1978 1261 2030 sitne

727 2077 776 2110 usu
790 2055 887 2111 ablatae
901 2059 929 2112 in
955 2057 1056 2129 tempiis
1072 2070 1260 2130 congerentur,

725 2142 771 2195 ubi
789 2160 822 2194 ne
842 2142 984 2196 minimum
997 2141 1103 2213 quidem
1116 2161 1193 2196 usum
1212 2141 1262 2192 hn-

726 2225 795 2278 bent.
814 2239 921 2280 crateras
941 2231 1041 2298 urgenti
1056 2229 1186 2295 inuusque
1200 2229 1259 2295 pire·

725 2314 770 2381 gui
795 2311 867 2362 Amo
887 2311 971 2374 dono,
999 2319 1109 2363 crateras
1129 2319 1264 2380 argenteas

726 2413 790 2446 aruo
801 2392 926 2458 uectatus,
941 2397 1037 2448 ¹Senec.
1054 2396 1135 2464 Epist.
1149 2399 1174 2447 5.
1200 2391 1262 2446 Non
1286 2395 1297 2412 ¹

725 2477 840 2530 dederim
850 2489 988 2548 argeutum,
1000 2483 1027 2529 s'n
1040 2479 1107 2548 quod
1118 2477 1195 2532 solidi
1204 2480 1263 2529 uteri

726 2561 851 2615 uehtura
869 2561 1010 2614 descendit.
1041 2559 1195 2618 Huiusmodi
1208 2579 1263 2612 cru·

727 2645 790 2698 teris
804 2645 942 2716 descriptio
958 2654 995 2698 est
1012 2644 1078 2714 apud
1093 2647 1158 2700 Stet.
1177 2644 1261 2702 Theb.

727 2729 779 2792 Vl,
807 2735 853 2782 53t
885 2747 956 2799 seqq.
1007 2732 1111 2798 pingui,
1140 2727 1262 2799 λιπαρῷ,

727 2813 872 2883 splendido.
900 2813 1002 2877 Verbo,
1020 2823 1262 2882 tpree·sequuntur,

727 2897 764 2949 sic
775 2896 868 2950 ordino
881 2913 1038 2967 sensumque
1049 2913 1139 2948 eorum
1153 2895 1188 2948 itu
1200 2913 1262 2948 con·

136 2814 221 2868 siduis
242 2817 373 2870 sacrifieiis
394 2835 408 2869 a
431 2817 489 2871 Diis
507 2827 575 2888 peto.
606 2824 675 2878 tam,

136 2903 205 2962 tarn,
219 2899 341 2956 fiduciam
356 2901 476 2972 exprimit
489 2900 676 2956 stultissimam.

136 2985 216 3036 donee
228 2983 343 3053 deeeptus
358 2998 381 3037 et
394 3005 482 3056 exspes
493 2979 672 3056 Nequidquam
727 2981 819 3038 stituo:
843 2981 895 3036 Cor
914 2981 1100 3052 praetrepidum
1121 2981 1226 3047 tomi,
1243 2983 1261 3035 i.

135 3081 185 3122 cet.
208 3071 281 3137 Qune
296 3067 328 3120 ed
342 3067 419 3120 ilium
443 3067 552 3123 stultum
571 3071 677 3140 proprie
727 3081 751 3118 e.
768 3081 908 3134 properans
918 3061 1019 3130 laeteri,
1033 3063 1060 3115 in
1071 3061 1194 3116 loetietirn
1206 3083 1263 3133 pro-

139 3151 286 3222 pertinent,
300 3150 422 3205 murteta
435 3162 495 3206 sunt
515 3152 547 3205 ed
563 3169 674 3206 numum
730 3145 810 3218 num}
824 3149 892 3218 (in)
903 3161 1002 3218 pectore
1013 3149 1100 3214 tuero,
1116 3149 1144 3201 in
1159 3150 1263 3202 sinistra

134 3234 165 3308 tp
181 3233 238 3288 imo
257 3251 329 3287 erese
343 3235 434 3291 fundo.
453 3239 479 3289 Is
493 3236 565 3305 qussi
579 3245 677 3290 contu·
728 3233 839 3305 pectoris
857 3244 935 3303 perte.
985 3238 1092 3286 excudat
1107 3246 1204 3303 puras,
1219 3232 1264 3284 lu·-

136 3311 256 3370 tunde·
269 3334 330 3370 suos
343 3315 424 3370 atium
439 3327 494 3387 post
507 3317 588 3370 elium
604 3317 679 3371 vide·
726 3335 829 3368 crumas
838 3316 883 3370 tibi
896 3317 1006 3370 excutiet
1017 3315 1184 3386 ipsoqsudio.
1198 3317 1261 3368 Sen-

96 3460 102 3472 .
139 3398 332 3470 mhpromi,
360 3401 537 3471 sacrificiisque
553 3401 676 3472 inpendi,
726 3417 769 3452 sus
782 3399 862 3470 igitur
874 3409 912 3453 est
927 3399 1000 3454 omni
1019 3409 1111 3454 ornotu
1130 3399 1260 3453 detrecto:

138 3499 293 3553 semperque
313 3493 459 3554 speraverat
475 3483 547 3548 sore,
572 3495 602 3539 ut
618 3503 676 3538 orco
708 3473 787 3554 'pree
808 3483 903 3554 gntrdio
931 3493 1030 3536 aestues
1053 3494 1080 3538 et
1101 3481 1261 3554 lacrymeris.

140 3569 216 3618 novis
232 3565 542 3632 advenis,Diistendem
557 3569 675 3633 exoretis,
725 3567 812 3620 Aliter
834 3567 866 3620 eb
883 3567 939 3620 eliis
959 3567 1000 3622 hic
1026 3567 1097 3622 loeus
1115 3567 1262 3637 exponitur.

140 3647 332 3720 compleretur,
351 3660 431 3723 etque
447 3658 477 3704 ut
490 3650 542 3721 ipse
562 3651 678 3706 inmotus
729 3651 893 3705 casaubonus
911 3650 974 3722 legit
995 3656 1103 3703 excutias
1127 3661 1152 3703 et
1173 3652 1263 3702 tortori

142 3731 170 3784 in
189 3751 236 3799 prro
261 3733 321 3786 sede
350 3741 475 3789 maneret.
506 3733 557 3788 Sed
575 3735 679 3788 tendern
728 3732 808 3785 sumit
821 3751 866 3802 pro
891 3733 985 3786 infinit.
1007 3731 1066 3785 hist.
1084 3730 1263 3785 Bentleiusud

143 3817 270 3887 deceptiosi
287 3836 314 3870 se
336 3819 414 3872 sentit
431 3829 457 3872 et
474 3818 526 3872 iarn
540 3838 626 3889 cespes
641 3839 680 3873 su·
729 3818 819 3870 Horat.
839 3815 889 3868 Od.
902 3817 941 3879 11,
963 3823 1005 3870 tn.
1023 3821 1047 3870 5.
1062 3816 1135 3868 cuius
1147 3815 1259 3868 unctori-

143 3905 240 3972 spirat,
253 3919 336 3974 quum
350 3902 382 3955 nd
396 3913 556 3972 postremum
571 3903 623 3974 ipse
636 3903 679 3956 de·
729 3909 810 3952 tatem
824 3899 851 3951 in
864 3909 934 3956 textu
947 3898 973 3952 h.
987 3899 1005 3952 Ι,
1019 3898 1199 3952 constituendo
1206 3898 1265 3951 nei-

143 3993 288 4053 prometur.
301 3983 423 4057 vulgaris
440 3985 504 4038 ratio
518 3986 600 4039 sorets
620 3996 677 4039 ten·
732 3983 789 4035 ttius
815 3993 916 4036 secutus
933 4001 987 4036 esse
1005 3981 1123 4046 videtur,
1144 3982 1265 4034 ordinent

144 4066 207 4118 dem
221 4065 265 4119 ille
277 4067 370 4122 stultus
386 4068 524 4140 deceptum
539 4079 564 4121 et
575 4089 618 4140 spe
632 4069 678 4122 de·
731 4066 874 4119 verborum
887 4077 914 4120 et
935 4085 1039 4120 sensum
1059 4066 1095 4120 sic
1115 4065 1263 4120 constituit:

147 4149 265 4203 stitutum
278 4169 305 4204 se
318 4150 439 4222 intelligit
448 4164 474 4206 et
485 4151 549 4204 nihil
562 4171 589 4206 se
600 4156 682 4225 egisse
733 4149 829 4214 Sedes,
847 4163 871 4201 et
887 4169 931 4203 cor
941 4151 1125 4220 praetrepidum
1137 4153 1188 4204 sive
1201 4169 1263 4220 pru·

146 4231 309 4288 facultatibus
337 4235 522 4290 sacrificiorum
555 4236 683 4306 emptitu·
730 4253 822 4304 perans
832 4235 936 4302 hereri,
959 4237 1064 4286 excudat
1077 4236 1267 4304 pannardum

145 4316 249 4370 diceet
265 4319 337 4388 eopia
354 4318 481 4389 profusis,
498 4338 581 4389 qnurn
597 4321 678 4390 suspi·
731 4333 830 4390 pertore
843 4319 930 4382 laevo,
951 4323 1001 4371 sive
1014 4321 1194 4389 irrumpam
1212 4339 1264 4370 cor·

147 4416 208 4454 snus
228 4401 256 4456 in
280 4401 335 4457 iu'tu
367 4421 440 4458 etune
460 4403 548 4460 ‚fundo
571 4421 682 4460 murum
730 4407 817 4472 poris,
830 4402 869 4455 ubi
883 4402 1008 4472 corsalit,
1022 4403 1266 4472 eturdorerwrspcee
