3028 5492
307 397 472 488 cxxxii
609 413 1143 488 xxnvxnrsrxsxrr'xxnvrr

742 726 915 788 SlelibE
937 727 976 786 ll.

304 911 309 932 ²
346 925 496 1008 Arguitur
524 925 621 986 Satira
653 921 785 1004 probitas
814 921 954 983 simulata
981 882 1122 983 seeundo.
1142 955 1176 969 ·-
1195 916 1339 1004 Carpitur
1361 921 1422 984 bac

304 1016 401 1078 Satira
422 1013 556 1098 probitas
574 1013 713 1078 simulata
732 1011 873 1077 monada.
894 1044 927 1057 -
947 1011 1130 1098 llypooritas
1144 1014 1286 1088 damnat,
1302 1015 1335 1075 in
1347 1035 1429 1096 quos

305 1109 459 1174 Lauronia
489 1108 608 1170 elamet.
628 1107 742 1170 -Dat
772 1129 891 1170 oausam
916 1107 1040 1192 'poenae
1069 1109 1152 1192 quod
1172 1109 1305 1172 Martem
1324 1111 1428 1192 posuit

214 1271 219 1281 ¹
299 1199 442 1265 'amoene
461 1237 496 1254 -
515 1203 713 1287 Hypouritue.
737 1233 767 1246 -
787 1201 825 1265 ln
845 1225 867 1265 s.
888 1213 997 1266 contra
1019 1203 1206 1287 hypocritas.
1227 1239 1259 1258 -
1279 1205 1330 1290 De
1350 1204 1427 1287 pbi-

305 1296 444 1382 losophis
464 1298 630 1364 obscoenis.
650 1327 684 1341 -·
705 1299 754 1402 De
774 1298 851 1362 fietis
872 1297 1007 1360 moribus
1027 1297 1180 1381 institutis.

736 1520 909 1584 sx'rltxxe
930 1520 985 1582 lll.

348 1702 463 1786 Effugit
494 1651 662 1765 Vmbritius
691 1701 808 1766 diversa
838 1699 982 1786 pericula·
1012 1701 1118 1764 vitans.
1139 1733 1179 1752 -
1200 1700 1299 1763 Odisti
1338 1699 1426 1781 quod

307 1799 406 1860 Rome
439 1799 557 1874 bonos,
584 1817 693 1880 pravos
721 1796 794 1857 eolis
809 1798 916 1870 ,bine
936 1806 967 1857 te
986 1796 1097 1879 Effugit
1116 1796 1285 1858 Vmbritius
1306 1795 1427 1855 diuersa

307 1891 443 1976 pericula
471 1892 578 1953 viteus.
599 1925 632 1936 -
651 1891 700 1953 Ad
720 1882 917 1952 Viubritinrn.
938 1921 972 1935 -
991 1890 1096 1968 Quare
1115 1890 1284 1952 Vmbritius
1304 1889 1426 1951 Vrbem

307 1986 435 2048 deserat.
455 2011 488 2026 ···
509 1986 556 2047 De
581 1983 721 2069 digressu
741 1985 896 2048 Vmbritii.
917 2022 950 2034 -
970 1985 1065 2048 Vrbis
1093 1985 1296 2050 incommoda.
1317 2011 1352 2028 ··
1374 1984 1427 2046 De

307 2079 510 2145 incommodis
528 2077 630 2142 Vrbis.

740 2231 916 2352 SleRbE
936 2287 989 2350 1v.

348 2470 449 2534 Vitem
478 2468 638 2552 Crispinus
666 2466 769 2530 laudat
793 2477 992 2554 ventremque
1012 2471 1196 2534 Neronis...
1216 2469 1351 2553 Crispini
1372 2469 1425 2532 bio

306 2569 419 2630 lacerat
446 2568 539 2630 sitam
559 2575 758 2649 ventremque
786 2565 935 2642 Neronis,
958 2565 999 2628 Vt
1018 2588 1104 2650 reges
1124 2567 1225 2630 avidos
1245 2559 1349 2650 carpat
1369 2583 1425 2628 re-

306 2683 441 2745 gumque
471 2661 595 2724 sodales.
617 2696 648 2708 ·—
670 2661 707 2722 ln
738 2661 924 2744 Crispinum.
945 2689 978 2704 ·-
999 2665 1036 2725 ln
1055 2664 1233 2746 ingluviem.
1256 2698 1287 2710 -
1303 2663 1339 2723 ln
1356 2663 1424 2724 Do-

307 2756 469 2824 mitianum
505 2757 655 2819 vindictae
674 2766 741 2840 post
765 2756 914 2818 exsilium.
934 2785 966 2800 -
987 2759 1146 2841 catalogus
1166 2759 1333 2820 amicornm
1354 2757 1426 2819 Do·

307 2850 452 2925 miliani,
485 2872 508 2912 s.
542 2851 683 2914 Neronis.
703 2885 736 2896 -
757 2849 910 2914 Convivae
937 2853 1115 2916 Domitiani.
1147 2897 1179 2908 -
1206 2854 1256 2916 De
1282 2853 1424 2914 convivio

306 2943 484 3006 Domitiani.
504 2980 539 2991 —
565 2945 612 3008 Da
646 2947 776 3010 rhombo
804 2947 896 3030 pisce.
917 2987 949 3001 ·-
970 2949 1019 3012 De
1051 2947 1196 3034 Crispino
1225 2957 1257 3014 et
1289 2947 1424 3011 rhombo

307 3041 444 3126 pisne-
463 3042 511 3106 De
530 3043 620 3128 piscis
639 3043 857 3128 magnitudine.

748 3253 921 3318 sletttE
940 3256 982 3316 V.

310 3433 314 3446 '
348 3433 434 3512 Quot
468 3435 545 3496 mala
573 3436 717 3498 sustinent
738 3437 894 3519 parasitica
916 3437 974 3500 vita
994 3447 1119 3516 notato,
1138 3461 1161 3500 s.
1182 3440 1311 3502 notabis.
1332 3473 1363 3485 -
1385 3442 1424 3502 ln

307 3529 473 3610 parasitos,
494 3523 533 3590 de
558 3525 663 3594 boonis
693 3530 927 3594 contumeliosis.
948 3563 980 3575 -
999 3531 1048 3594 Ad
1067 3533 1225 3598 Trebium.
1248 3564 1278 3576 -
1299 3535 1348 3598 De
1368 3557 1426 3619 pn-

309 3622 408 3686 rasitis
427 3621 463 3685 ad
485 3625 654 3705 parasitum.

732 3837 911 3899 SlelibE
931 3839 987 3900 Vl.

348 4021 439 4084 Sexta
471 4019 545 4084 bueo
571 4021 680 4084 infidus
701 4022 843 4086 mulieres
864 4035 1013 4088 monstrat
1032 4026 1165 4088 abunde.
1183 4065 1217 4078 -
1237 4028 1304 4088 liae
1324 4027 1426 4090 Satira

295 4116 452 4179 'mulieres
472 4117 599 4196 incestas
628 4126 793 4192 monstrat,
816 4117 958 4202 iubetque
979 4121 1045 4193 (al.
1067 4132 1100 4184 ut
1118 4132 1266 4197 omnem)
1287 4121 1424 4184 onrem

309 4207 452 4270 Vrsidins
476 4209 591 4274 devitet
618 4220 743 4292 pectore
764 4219 838 4274 toto.
859 4245 899 4262 -
920 4214 956 4275 l..
978 4214 1122 4278 Fursedio
1144 4217 1292 4278 Postumo.
1312 4249 1347 4261 -
1373 4215 1424 4276 Ad

308 4303 497 4367 Postumum.
510 4333 541 4346 -·
562 4303 726 4368 Mulierum
745 4304 858 4388 flagitis
877 4319 909 4373 et
918 4308 1050 4374 'scelere
1072 4343 1102 4357 -
1123 4311 1161 4376 ln
1175 4309 1334 4380 libidinum
1349 4330 1422 4373 mu-

308 4395 426 4460 lierum.
446 4427 480 4443 ·-
500 4399 551 4464 Ile
569 4399 647 4466 vitiis
668 4400 839 4467 mulierum.
