3056 5490
548 436 701 498 sarius
731 433 793 492 ιν.
1137 420 1231 528 409
1282 479 1284 482 .

113 639 308 714 Maiestate
327 659 471 708 manus.
500 633 596 737 quid
615 633 754 708 deinde
771 632 960 735 loquere?
977 636 1162 728 Quirites,

111 755 215 844 Hoc,
232 770 349 858 puta,
370 779 449 826 non
469 753 607 828 iustum
627 769 695 828 est:
715 749 812 824 illud
831 749 940 826 male:
962 754 1101 828 rectius
1123 739 1232 826 illud.

112 871 192 945 Scis
210 871 350 945 etenim
368 870 507 944 iustum
524 869 670 970 gemina
689 867 919 973 suspendere
937 866 1047 943 lance
1093 917 1095 924 ·
1202 903 1233 950 ro

109 984 452 1090 Ancipitisiibrae:
473 1003 618 1058 rectum
635 984 839 1075 discernis,
857 985 925 1058 ubi
943 987 1044 1058 inter

109 1101 372 1192 Curva'subit,
391 1099 451 1178 vel
470 1129 588 1204 quum
608 1099 702 1174 saliit
720 1101 818 1205 pede
838 1100 971 1204 regula
991 1127 1107 1178 varo:

9 1221 20 1234 ‘
110 1219 159 1290 Et
177 1220 274 1322 potis
294 1246 333 1306 es
351 1221 500 1320 nigrum
522 1220 611 1294 vitio
628 1215 836 1322 praefigere
850 1221 989 1294 Thetis.

145 1405 170 1452 8.
184 1405 208 1453 9.
222 1400 356 1451 Maiestate
373 1415 467 1450 maras.
482 1397 500 1449 i.
517 1415 540 1448 e.
552 1415 646 1448 manus
699 1385 767 1448 iilud
784 1397 885 1468 exigere
909 1396 962 1465 vis,
975 1415 1056 1467 prava
1069 1413 1113 1450 seu
1126 1396 1234 1467 inproba

5 1530 10 1539 ,
110 1481 313 1554 significatione,
335 1481 408 1536 cuius
425 1482 646 1534 auetoritastanta
698 1487 746 1534 est.
766 1480 889 1534 Detracta
910 1481 982 1532 omni
997 1489 1072 1550 tropo
1086 1480 1178 1534 Noster
1191 1479 1230 1531 di-

109 1567 144 1620 sit
168 1566 235 1636 apud
250 1565 370 1636 piebem,
393 1575 422 1618 ut
444 1575 580 1635 tempestas
604 1565 645 1624 suff
698 1579 756 1614 cere
778 1560 851 1616 vulta
878 1562 919 1620 Ea
940 1579 1028 1614 rerum
1054 1580 1100 1614 usu
1118 1573 1145 1614 et
1161 1581 1231 1632 expe-

109 1651 191 1704 tentis
212 1649 299 1718 populi
321 1649 445 1702 contiuuo
457 1659 647 1718 compescatur.
698 1644 792 1698 rientia
809 1643 904 1699 multas
926 1643 1044 1716 regulas,
1064 1643 1096 1696 ad
1116 1663 1178 1714 quas
1193 1643 1231 1695 vi-

110 1735 206 1786 Luean.
225 1735 252 1796 1,
271 1738 318 1786 297
344 1753 396 1802 seq.
422 1731 549 1802 Quirites,
567 1731 644 1795 Hoc,
697 1738 752 1780 tam
777 1739 891 1782 nostram
917 1728 1121 1799 componimus,
1149 1727 1229 1780 actio-

110 1831 186 1887 puta,
207 1837 258 1869 non
274 1823 362 1869 iustum
374 1829 409 1869 est
421 1827 470 1870 cet.
485 1815 647 1868 Seditionem
698 1811 1231 1885 uesquealienasiudicamus,conligimus;

110 1900 225 1954 sedentis
252 1910 290 1952 est
309 1918 412 1962 sermo,
438 1899 589 1966 furoresque
603 1919 647 1968 po·
696 1907 883 1966 potestantem
906 1897 1039 1951 interdum
1053 1895 1231 1959 adsidere,ut
1256 1951 1259 1958 ,

110 1980 167 2050 puli
186 1983 284 2036 tutione
302 1979 515 2050 comprimentis,
538 1979 583 2048 qui
600 1979 647 2050 igi·
698 1981 765 2036 hanc
790 1981 833 2051 sei
851 1981 925 2034 illam
941 1969 1085 2052 regulam,
1102 1999 1155 2032 non
1172 1979 1231 2031 satis

111 2075 156 2116 tur
167 2102 174 2122 .
185 2075 213 2117 ut
227 2064 280 2130 Cic.
292 2064 324 2117 de
338 2063 414 2118 Orat.
425 2065 436 2114 1
447 2103 456 2126 ,
469 2069 507 2116 42.
523 2062 646 2132 loquitur,
698 2067 819 2119 adcurate
833 2067 1029 2134 continuatam,
1045 2074 1089 2116 aut
1098 2061 1172 2116 uobis
1184 2059 1231 2130 ipsi

111 2158 217 2200 naturas
240 2147 393 2212 hominum,
416 2147 523 2216 risuque
540 2165 647 2200 omnem
697 2148 944 2218 praescripserimus,
957 2159 1001 2202 ant
1016 2146 1159 2202 auctoritati
1168 2145 1231 2198 aiio·

110 2229 294 2296 lrsrnranitatis,
316 2250 454 2300 causasque
471 2249 528 2296 eas,
554 2231 646 2300 quibus
698 2251 758 2284 rum
783 2233 916 2303 adceptam
941 2233 1071 2301 seramus3
1098 2229 1231 2301 prudentis

109 2327 214 2368 mentes
232 2329 275 2368 aut
295 2317 435 2370 incitantur
455 2327 500 2370 aut
513 2317 647 2369 reflectun·
697 2313 783 2384 itaque
805 2327 857 2382 est,
878 2334 931 2368 non
951 2315 1034 2368 solum
1051 2312 1142 2366 multis
1155 2311 1233 2392 ratio:

109 2401 282 2469 rumpentur
297 2411 439 2472 perspectas
450 2401 543 2452 habere
557 2401 646 2469 debet5
697 2399 774 2452 nibus
793 2417 838 2452 seu
856 2397 953 2469 regulis
981 2399 1048 2450 vitae
1075 2397 1231 2448 instructum

108 2483 190 2537 debet
204 2485 284 2536 etium
298 2485 357 2538 iusti
366 2483 506 2556 iniustique
519 2484 646 2538 rationem
697 2504 768 2550 esse,
785 2485 831 2538 sed
845 2486 923 2538 etiam
946 2483 1077 2554 explorare
1094 2501 1183 2552 posse,
1198 2501 1232 2534 an

108 2567 194 2635 probe
207 2565 299 2620 callere
307 2606 317 2632 ,
333 2587 418 2640 neque
435 2587 561 2644 umquam
579 2572 647 2637 pati,
697 2568 766 2642 ipsae
786 2568 889 2640 regulae
906 2568 938 2622 ad
958 2568 1017 2622 iusti
1031 2569 1143 2636 rectique
1156 2577 1231 2619 nuttr-

107 2661 140 2704 ut
154 2650 180 2702 in
195 2651 341 2703 co'e'rrendis
349 2651 488 2704 sceleribus
496 2649 538 2704 vel
552 2648 647 2710 timore
697 2673 756 2706 ram
767 2663 927 2723 comparatae
941 2653 994 2706 sint
1002 2689 1011 2715 ,
1025 2671 1058 2706 ne
1072 2649 1179 2720 reliquis
1193 2669 1233 2702 re·

108 2729 155 2782 vel
172 2731 347 2784 misericordia
367 2732 527 2801 inpediatur,
544 2730 571 2786 id
590 2743 645 2796 est,
697 2737 745 2791 bus
769 2737 802 2790 ad
828 2757 870 2790 eas
890 2737 1017 2790 revocatis
1038 2735 1066 2789 in
1085 2733 1180 2788 iudicio
1198 2733 1230 2787 de

107 2813 187 2868 debet
198 2817 322 2880 disertus,
335 2815 436 2886 sapiens
449 2826 474 2868 et
485 2815 571 2888 gravis
583 2835 645 2869 esse.
698 2822 731 2876 iis
743 2822 874 2876 fallamur,

147 2905 223 2954 40-1
231 2905 254 2952 2.
276 2899 330 2952 Scis
352 2905 418 2952 enim
437 2905 526 2952 iustum
544 2904 646 2970 gemina

107 2985 256 3052 smprudere
269 2985 340 3036 lance
357 2986 484 3054 Arrcipitis
496 2984 585 3037 librae.
600 2985 645 3062 Ai-=
733 2989 819 3043 {3.Et
827 2994 894 3060 potis
907 3007 933 3041 aa
947 2997 997 3042 cet.
1011 2987 1176 3041 Casaubonus
1188 3003 1233 3056 pu·
1320 3035 1326 3053 χ

107 3064 208 3137 legerint
230 3079 364 3137 sumpte&
387 3067 547 3138 libripessde‚
573 3067 646 3122 vein
696 3083 747 3138 tat,
769 3093 800 3126 ex
819 3073 953 3127 breviculo
971 3072 1106 3136 miiitum,
1123 3070 1229 3123 ubina-

108 3148 284 3216 ponderibus,
298 3168 361 3219 qliae
383 3149 497 3203 idsscibtis
511 3153 642 3205 imiintln·
696 3157 764 3210 mini
783 3159 853 3224 eius,
871 3159 914 3227 qui
928 3159 954 3209 in
968 3155 1065 3227 proelio
1082 3153 1232 3216 occidisset,

108 3233 464 3302 ¹¹¹¹·6‘”²5'²⁰·L5b¹'2¹h²¹be¹
478 3235 646 3296 daastauees.
696 3241 759 3295 haec
788 3241 860 3295 litera
889 3241 1095 3302 niiscribebatur,
1119 3235 1169 3290 hoc
1186 3228 1234 3290 du·

107 3344 146 3355 “··
156 3320 287 3386 Wlfflin
310 3317 455 3388 amitigare.
470 3321 564 3372 Exacta
581 3318 645 3373 libra
696 3335 767 3378 ctum
786 3346 848 3380 esse.
863 3329 963 3380 Forsan
978 3325 1005 3376 in
1018 3323 1121 3378 iudiciis
1133 3321 1230 3391 capita-

106 3401 138 3452 iu
153 3411 271 3453 neutram
289 3413 387 3470 partem
416 3403 508 3474 vergit.
533 3409 643 3458 Sensus:
696 3405 763 3464 tibus
778 3411 939 3465 Graecorum
947 3425 1078 3477 ,quorum
1093 3406 1230 3468 rationem,

109 3485 153 3533 Tu
179 3482 276 3553 igilur,
295 3485 353 3554 quid
373 3485 469 3539 iustum
486 3488 520 3539 θῐί
534 3507 581 3541 nec
595 3505 644 3555 ne,
697 3515 761 3566 qnae
776 3497 803 3548 iu
818 3494 932 3547 serendis
945 3493 1079 3548 sententiis
1089 3492 1234 3550 obtineret,

108 3565 246 3636 explorare
257 3573 314 3632 scis,
323 3569 400 3622 rebus
414 3573 487 3639 qirnsi
502 3571 644 3644 inutraque
696 3576 791 3647 passim
817 3575 982 3648 ignoramus,
1010 3572 1089 3624 etiam
1110 3569 1159 3622 hoc
1184 3585 1233 3622 usu

107 3648 183 3702 lance
202 3651 325 3722 inpositis.
347 3668 441 3708 reetrrm
455 3658 572 3710 discernis
580 3697 590 3721 ‚
604 3660 644 3712 att
696 3672 751 3714 erat
771 3670 920 3728 receptum,
938 3669 968 3712 ut
980 3657 1028 3708 hae
1042 3654 1114 3707 iitera
1128 3666 1230 3708 uteren-

106 3735 175 3786 irttrr
196 3733 278 3788 aava
292 3739 364 3791 radit.
384 3738 537 3810 simpipro:
555 3741 654 3806 diseri·¹
695 3755 754 3808 tur,
773 3745 819 3816 qui
844 3761 919 3794 reum
936 3740 1029 3794 mortis
1050 3738 1174 3810 supplicio
1186 3737 1231 3790 ad·

108 3819 185 3872 ruina
206 3823 268 3874 recti
290 3833 316 3874 et
335 3825 407 3894 pravi
421 3825 540 3882 adcurate
554 3839 644 3892 tenes,
695 3827 834 3880 ticiendum
842 3823 1175 3888 censerent.lt1artinl.V11‚
1191 3827 1237 3875 37.

109 3901 159 3954 *οἷ’
175 3903 247 3972 ‘iuasi
261 3917 331 3959 carto
345 3905 428 3959 limite
442 3908 520 3962 ducto
534 3909 645 3964 definire
695 3910 773 3966 Nosti
792 3914 950 3984 niortiseram
963 3915 1114 3980 quaestoris,
1131 3906 1227 3961 Castri-

107 3985 173 4038 καὶ
200 3987 323 4056 imWi‘iue
352 3991 472 4044 00¹¹fississ·
506 3995 546 4044 vel
571 4013 644 4064 qaum
695 4016 737 4064 ee,
756 4001 878 4068 signam?
899 3997 948 4048 Est
965 3996 1174 4066 operaepretium
1188 3983 1230 4046 cii-¹

100 4068 181 4140 salli!
194 4069 259 4138 pede
271 4071 358 4140 regula
372 4081 439 4124 varo.
449 4074 537 4144 regula
545 4077 645 4144 proprie
695 4103 761 4136 scere
775 4082 841 4134 tlteta
853 4101 951 4134 novum.
968 4081 1129 4150 Exprimeret
1141 4083 1235 4147 quaties

108 4169 163 4202 non
194 4151 270 4205 debet
297 4153 432 4228 intelligi,
459 4159 550 4228 pedem
574 4161 646 4224 enim
695 4178 820 4220 rorantem
845 4167 945 4237 frigore
970 4183 1072 4226 nasum,
1101 4157 1232 4214 Letlralrm

108 4237 196 4305 'effla
210 4257 262 4290 ⁰⁰¹¹
275 4237 360 4306 imbeir
370 4241 414 4292 “d
426 4261 522 4297 'wsma-
535 4246 645 4297 Sensusss
696 4252 776 4321 iuguli
792 4253 893 4302 iusserat
905 4269 955 4302 aare
968 4261 1061 4301 notam.
1074 4249 1232 4318 Vetuscnmf

107 4320 196 4372 Etim
212 4331 268 4374 ²⁰³¹
282 4334 382 4376 seclum
395 4315 519 4379 dimittis
530 4348 545 4384 a
557 4347 646 4396 curvo,
697 4344 828 4386 mentator
848 4332 928 4386 Persii
950 4317 1013 4384 haec
1027 4332 1118 4384 habet:
1133 4331 1233 4382 Iudices

108 4423 191 4472 ‘tuum
211 4410 268 4477 ipsa,
282 4427 389 4478 norma,
408 4418 439 4467 ad
454 4431 534 4483 quam
547 4423 645 4470 rectum
695 4415 793 4466 literam
813 4413 892 4467 Theca
905 4413 1030 4484 adportant
1042 4413 1077 4465 act
1090 4431 1173 4465 eorum
1191 4429 1252 4466 no.
