3098 5498
337 377 427 474 stc
777 403 1000 464 nisurus

719 908 936 982 SATIRA
969 905 1045 981 IX.

759 1147 1006 1203 ARGVMENTVM

364 1325 505 1380 Naevolam
522 1323 684 1394 predicarem
704 1322 769 1374 tristi
786 1321 853 1374 buln
868 1322 965 1374 smum
975 1322 1049 1391 poma
1060 1330 1233 1389 pomarum,
1252 1337 1317 1390 prae
1329 1323 1362 1374 sis
1377 1339 1441 1375 moe

330 1413 412 1461 stitiae
424 1406 512 1476 ipsius',
525 1423 642 1474 rugarum
659 1423 689 1454 cc
701 1407 790 1454 asaciei
799 1421 873 1454 casua
880 1441 890 1466 ‚
905 1416 928 1454 es
944 1415 1023 1454 utrum
1039 1407 1103 1454 vitae
1113 1419 1190 1470 gemes
1202 1405 1337 1454 minaverit.
1351 1423 1376 1457 ν.
1390 1415 1437 1456 t·-

331 1496 373 1544 26.
393 1489 442 1540 itte
459 1487 606 1556 respondet,
621 1485 667 1536 lsoc
684 1487 749 1537 uitae
765 1489 900 1536 instinctum
919 1485 976 1534 aliis
995 1484 1092 1554 quidem
1101 1484 1184 1556 jisisse
1198 1483 1318 1553 penaile,
1335 1503 1440 1551 unm,

330 1581 426 1641 praeter
442 1568 525 1620 terasia
538 1565 659 1635 quaedam
672 1583 788 1628 munera,
806 1563 869 1616 nilsil
885 1566 944 1616 insls
958 1567 1052 1632 fructus
1067 1565 1219 1630 percepisse,
1237 1567 1305 1632 quoti
1316 1577 1340 1614 et
1352 1582 1436 1616 neces-

330 1651 399 1703 sitati
414 1649 557 1700 durissimae
573 1647 623 1712 sati
641 1645 794 1698 tribuendum
811 1649 859 1718 sit,
874 1657 898 1696 et
909 1649 1029 1696 avaritiae
1044 1643 1162 1698 Virronis
1177 1644 1328 1714 aliorumque
1336 1646 1437 1697 diuitum

331 1729 504 1792 cinaedorum,
522 1729 564 1794 qui
583 1728 704 1778 levissima
721 1744 827 1795 quaeque
839 1725 906 1776 dana
922 1745 952 1776 ac
969 1724 1111 1795 bemstcia,
1125 1726 1152 1774 in
1163 1725 1269 1776 draucos
1285 1725 1391 1787 coliata,
1406 1729 1437 1777 iis

331 1810 489 1881 exprobrem,
507 1820 531 1858 et
542 1809 622 1877 gratis
638 1825 739 1874 operam
755 1805 804 1856 sibi
817 1805 850 1857 ab
864 1807 916 1856 illis
927 1809 1028 1874 cupiant
1036 1809 1177 1874 praestari,
1193 1809 1305 1876 qumis
1316 1805 1434 1876 deformes

329 1896 379 1944 sint
394 1904 417 1942 et
427 1889 492 1940 bisce
503 1887 631 1950 clientibus
643 1893 691 1940 suis
703 1905 800 1938 anunm
811 1891 922 1952 coniugii
931 1887 1085 1955 felicitatem
1096 1899 1119 1937 et
1136 1888 1192 1936 ium
1203 1899 1329 1954 parennem
1341 1887 1432 1955 lagato-
1528 1891 1529 1898 ’

330 1989 429 2041 rumqrse
441 1970 614 2037 capiendorum
627 1969 741 2020 debeant.
755 1972 863 2020 27-90.
878 1966 960 2018 Poita
976 1972 1104 2018 miseratur
1120 1978 1211 2018 sortem
1229 1963 1338 2018 Naevoli
1345 2005 1354 2029 ,
1371 1969 1435 2034 nasse
1528 1981 1529 2020 t

328 2061 420 2120 rogat,
437 2059 462 2099 ut
474 2048 571 2099 occulta
582 2051 631 2115 ipsi
644 2048 739 2099 credita
754 2053 868 2108 reticeat,
884 2053 1000 2118 qnoniam
1011 2048 1106 2117 patlsiei
1122 2047 1181 2098 odio
1194 2058 1436 2115 praeoptantium,
1529 2083 1530 2090 ι

330 2149 407 2200 aquo
420 2133 522 2180 timeant
540 2127 658 2180 libidines
671 2146 726 2180 suas
744 2130 872 2198 evulgari,
883 2141 906 2179 ct
918 2129 958 2179 vel
970 2147 1053 2180 aecem
1069 2128 1110 2180 illi
1125 2127 1300 2178 maclsirsostur.
1311 2133 1435 2181 9⁰-tllt.

331 2211 456 2263 lwenalis
479 2210 564 2260 contra
581 2223 680 2273 monet,
695 2208 728 2260 ab
740 2229 769 2261 eo
776 2249 786 2274 ‚
800 2212 842 2279 qui
850 2211 932 2279 plures
943 2229 1023 2262 seruos
1039 2207 1129 2261 habea
1135 2247 1145 2272 ,
1162 2209 1225 2260 rn'lsil
1231 2247 1241 2271 ,
1254 2227 1285 2260 ns
1296 2222 1370 2260 rnatu
1380 2211 1435 2280 qui-

330 2291 403 2352 dem,
425 2289 491 2340 clam
508 2307 579 2356 posse
598 2293 748 2358 perpetrari,
765 2301 868 2341 streete
884 2290 1017 2342 vincrsdum
1034 2309 1100 2354 esse,
1127 2307 1181 2340 cnm
1203 2289 1267 2340 alias
1284 2287 1318 2340 ob
1337 2308 1435 2356 amnas,

331 2385 382 2423 tum
392 2373 532 2440 praecipue,
546 2383 571 2420 ut
583 2382 735 2422 contemnere
744 2371 818 2423 liceat
829 2371 943 2440 linguam
955 2373 1144 2440 mancipiorum,
1154 2389 1216 2440 quae
1226 2371 1436 2440 quidempessima

331 2469 415 2504 eorum
429 2469 489 2520 pars
506 2454 548 2503 sit.
572 2453 714 2502 sos-⁴22.
727 2451 785 2503 Hoc
797 2451 927 2504 eonsilium
939 2453 1048 2503 salutare
1061 2453 1160 2518 quidem
1172 2469 1222 2502 esse
1228 2449 1327 2520 fatetur
1337 2448 1437 2502 Nuus

332 2532 370 2583 lus
378 2569 389 2592 ‚
410 2529 454 2582 sesi
470 2547 532 2580 musa
551 2529 688 2582 rationibus
705 2536 755 2582 suis
773 2551 862 2601 parum
879 2532 1012 2584 corrduaere
1033 2546 1088 2602 post
1104 2542 1254 2584 coammtssm
1277 2535 1329 2582 iam
1353 2535 1438 2583 uetans
1529 2515 1531 2576 i

332 2609 408 2664 robur
425 2622 448 2660 et
464 2627 518 2678 spes
542 2609 663 2680 deceptas.
692 2617 835 2664 sos-⁴29.
850 2611 931 2665 Patra
949 2632 1003 2666 mm
1020 2615 1125 2665 meliora
1150 2629 1248 2682 sperare
1269 2611 1351 2676 iubet,
1368 2631 1439 2682 qisum
1530 2625 1531 2680 t

332 2703 410 2742 ssaue
424 2689 507 2740 Roma
524 2709 655 2761 numrpsam
671 2692 781 2762 dcsutsrri
793 2697 842 2744 sint
855 2693 965 2746 homines
980 2695 1067 2746 molles
1077 2713 1107 2746 ac
1119 2694 1225 2746 cinaedi.
1244 2696 1387 2745 tso-tss.
1404 2694 1440 2745 At
1530 2683 1531 2708 s

335 2771 462 2826 Naevolus
478 2790 561 2841 spem,
582 2775 640 2825 inde
656 2777 863 2842 concipiendam,
882 2776 1002 2846 felicibus
1019 2787 1113 2827 tanturn
1130 2779 1284 2845 propositam
1301 2793 1355 2826 esse
1368 2775 1440 2840 dicis,

333 2871 384 2904 noa
401 2851 450 2903 sibi
456 2889 466 2914 ,
484 2870 554 2922 quem
574 2853 663 2904 Fatum
683 2855 747 2907 velit
764 2859 830 2907 terrui
846 2859 910 2907 sicta
923 2867 1061 2909 cernentum
1071 2874 1136 2920 esse,
1148 2867 1172 2907 et
1183 2859 1210 2907 irs
1222 2857 1290 2906 cuius
1302 2867 1361 2907 uota
1374 2855 1437 2908 For·

333 2945 392 2984 tuna
407 2937 440 2984 sit
453 2932 535 2983 sssrda.
551 2937 692 2985 sss-⁴50.

367 3011 453 3064 Satira
474 3011 534 3063 haec
554 3012 711 3081 lepidissimis
732 3015 807 3084 plena
824 3016 935 3082 salibus,
948 3019 992 3070 sed
1008 3029 1032 3069 et
1045 3016 1250 3081 obscoenissimis,
1266 3031 1367 3091 wtaqsoe
1379 3021 1439 3072 dra-

333 3097 427 3145 matico
446 3107 496 3158 est5
513 3111 575 3162 qcsae
592 3097 690 3162 quidem
713 3100 830 3148 carminis
841 3099 934 3168 fhrma
956 3111 1100 3167 argumento
1118 3119 1192 3168 quarn
1205 3105 1314 3153 mraxime
1330 3106 1444 3171 congmit

330 3175 487 3247 pluribusque
496 3177 598 3245 facetiis
611 3177 779 3230 immiscendis
794 3185 946 3231 occasionem
959 3179 1067 3248 praebet.
1080 3177 1208 3233 Naevolus
1213 3199 1272 3234 uero
1279 3183 1387 3236 drauum
1396 3203 1444 3237 uon

332 3257 410 3309 solum
419 3257 505 3326 poitae
522 3259 683 3326 turpissimum
697 3261 764 3309 vitae
774 3279 830 3310 suae
841 3279 918 3330 gersus
931 3272 1016 3329 aperte
1026 3268 1143 3330 exponit,
1155 3263 1200 3312 secl
1212 3267 1287 3314 etiam
1305 3263 1444 3318 Virronem

333 3339 458 3410 paelicum
482 3342 528 3405 (υ.
543 3342 667 3407 40-90.)
689 3343 852 3412 ingratissimi
872 3343 996 3393 insimulat
1013 3347 1106 3406 animi,
1125 3349 1215 3413 quippe
1232 3348 1275 3415 qui
1285 3367 1332 3415 pro
1343 3351 1445 3400 mannis

334 3418 463 3489 beneficiis
478 3417 649 3489 laboribusque
665 3421 733 3472 mella
747 3424 804 3492 fere
821 3423 940 3492 rependat
959 3427 1079 3492 praemia.
1097 3424 1141 3481 Ita
1165 3437 1290 3497 summane
1316 3429 1446 3483 iuncinum

334 3517 411 3568 gersus
417 3538 427 3564 ,
443 3511 467 3551 et
479 3499 627 3570 paedioones
638 3513 661 3552 et
677 3505 789 3568 cinaedi,
803 3509 922 3582 acerrime
935 3509 1101 3575 exagitantur.

337 3792 463 3931 Scire
481 3851 612 3942 velim,
630 3882 748 3957 quare
767 3859 876 3934 toties
897 3862 1007 3951 mihi,
1027 3859 1208 3954 Naevole,
1227 3865 1341 3938 tristis

334 3971 517 4043 Occurras
535 3968 661 4044 fronte
680 3971 863 4066 obducta,
884 4002 953 4050 ceu
972 3980 1121 4078 Marsya
1137 3981 1269 4053 victus.

335 4083 436 4174 Quid
453 4084 521 4160 tibi
539 4109 626 4159 cum
645 4084 772 4180 vultu,
790 4088 940 4192 qualem
962 4093 1169 4198 deprensus
1189 4093 1350 4170 habebat

368 4313 392 4360 s.
408 4307 714 4368 oramen-saco.
762 4295 766 4300 ’

369 4395 394 4440 3.
411 4391 480 4444 aura
499 4405 535 4444 est
557 4393 804 4464 l9.—sieprelserssss
828 4401 866 4450 ts.
884 4404 921 4452 ³9.
936 4403 976 4454 ts.
990 4405 1030 4454 ll.
