3056 5490
831 413 966 473 rtustt
1003 473 1007 480 .

331 402 426 498 [με

326 615 401 692 Sed
416 611 657 720 praecedenti
673 629 864 718 spectatur
884 615 1046 690 mantica
1065 631 1184 721 tergo.
1474 553 1478 704 l

377 734 600 825 Quaesieris,
615 732 759 808 Nostin'
775 732 924 808 Vettidi
951 732 1125 838 praedia?
1142 735 1320 810 tecuiuslu
1391 773 1415 822 tt
1476 721 1478 784 i

326 851 437 923 Dives
458 865 538 922 arat
557 847 718 932 Curibus
737 865 920 948 quantum
947 875 1026 924 nou
1048 841 1179 928 milvus
1199 852 1357 928 oberret.
1476 815 1478 968 Ι

326 969 471 1040 «Hunc
490 967 572 1040 ais?
594 965 695 1040 hunc
714 963 770 1041 dis
788 967 892 1040 iratis
911 968 1100 1069 genioque
1119 969 1288 1042 sinistro?

326 1083 399 1176 Qui
421 1081 652 1186 quandoque
672 1084 802 1185 iugum
821 1098 976 1186 pertusa
994 1081 1042 1157 ad
1061 1085 1225 1187 compita
1245 1080 1337 1186 figit,

324 1285 434 1338 aliorum
453 1286 517 1338 vitia
533 1303 639 1356 carpens
653 1303 699 1339 sua
720 1286 799 1355 ipsius
815 1283 858 1339 vel
908 1295 977 1340 tren.
1002 1291 1052 1338 372
1087 1283 1144 1356 lpse
1170 1285 1323 1338 Trimalchio
1338 1287 1417 1357 surdos

324 1366 428 1438 ignorat
441 1365 484 1420 vel
497 1365 642 1420 dissimilet.
908 1369 995 1432 babel,
1022 1389 1096 1440 quom
1124 1367 1197 1421 milvi
1219 1370 1307 1420 voleret.
1323 1369 1414 1423 luvenal.

359 1457 401 1504 23.
410 1456 437 1504 ιἰι
450 1471 476 1503 se
492 1451 658 1516 descendere,
670 1467 697 1504 se
711 1449 797 1520 ipsum
809 1467 854 1504 co·
908 1455 960 1517 lX,
978 1459 1010 1506 ⁵4
1025 1473 1078 1524 seq.
1088 1455 1128 1506 De
1141 1452 1290 1506 huiusmodi
1303 1451 1417 1508 latifundiis

324 1553 448 1606 gnoscere
461 1554 483 1588 s.
492 1533 632 1604 explorare.
908 1535 1024 1608 loquitur
1037 1539 1136 1590 Seneca
1151 1536 1232 1606 Epist.
1243 1542 1290 1590 83:
1310 1535 1416 1608 Quousque

359 1622 399 1670 24.
415 1631 536 1690 spectatur
547 1620 663 1670 moreticu.
679 1615 787 1670 Adludit
799 1617 853 1672 No·
904 1625 973 1696 fines
982 1627 1162 1693 possessionum
1173 1623 1356 1694 propagabitis?
1370 1643 1416 1692 agn

324 1713 378 1755 ster
390 1703 519 1757 adnutum
530 1701 604 1754 illam
618 1701 735 1755 fabulum
746 1701 856 1754 Phaedri
908 1711 950 1760 uui
967 1711 1069 1761 donnino
1077 1748 1087 1772 ,
1105 1711 1148 1778 qui
1161 1711 1280 1780 populien
1298 1713 1367 1773 cepi,
1378 1728 1413 1760 att·

324 1791 371 1852 IV,
389 1791 569 1844 9.cs.Petron.
590 1795 632 1842 57.
657 1785 697 1840 Tu
709 1801 790 1840 autem
803 1801 856 1840 tum
908 1805 991 1862 gaulus
1009 1806 1050 1844 est.
1062 1793 1193 1863 Quousque
1213 1795 1414 1844 αιιιιὶοιώυειιιιι

324 1875 463 1926 utonem
479 1893 522 1940 es,
542 1887 568 1925 ut
586 1885 644 1942 post
663 1884 688 1925 te
705 1891 755 1924 non
774 1877 855 1942 respi·
905 1880 1058 1946 porrigetis,
1082 1895 1114 1928 ne
1137 1877 1322 1944 provinciaram
1339 1875 1416 1944 quiden

324 1963 398 2011 cias?
416 1952 448 2010 in¹
461 1960 513 2012 ulio
533 1960 665 2025 peduclum
684 1960 774 2021 vides,
795 1960 822 2009 in
834 1971 858 2010 te
905 1961 1001 2012 satione
1022 1964 1129 2012 contenti
1153 1960 1343 2012 circumscribere
1353 1976 1411 2026 prce·

324 2047 412 2098 ricium
427 2065 477 2096 nou
495 2046 585 2096 vides?
603 2047 692 2096 Horat.
711 2045 763 2096 Sat.
782 2047 812 2110 Ι,
832 2051 855 2098 3.
908 2043 1007 2094 dionem
1027 2043 1152 2095 modum?
1182 2041 1323 2093 Inlustrium
1339 2043 1413 2109 fluri-

250 2163 253 2174 .
325 2133 358 2181 25
373 2147 426 2197 seq.
441 2131 531 2181 Senec
544 2129 636 2200 Agam.
652 2131 858 2199 279seqqprne·
905 2145 964 2177 ruem
975 2145 1021 2195 per
1032 2131 1156 2196 privatum
1178 2128 1291 2179 decursus
1312 2137 1333 2176 et
1347 2143 1412 2176 arrae

323 2213 420 2266 cedenti
433 2231 481 2282 pro
499 2209 684 2281 praecedentis.
815 2253 819 2262 .
906 2211 1011 2279 magni,
1037 2227 1234 2280 magnorumque
1252 2212 1355 2278 gentium
1376 2220 1414 2258 ter·

359 2301 469 2350 25-32.
483 2295 539 2366 ,vti
559 2295 624 2348 forte
643 2313 729 2348 sermo
743 2294 862 2358 iniieitnr¹
907 2293 970 2342 mini
976 2329 986 2354 ,
1001 2311 1074 2360 suque
1086 2293 1121 2344 ud
1134 2294 1227 2344 οιιὲυιιι
1241 2310 1257 2342 u
1263 2293 1344 2364 spon,
1357 2291 1414 2341 veui

325 2378 358 2430 de
377 2377 466 2450 aliquo
491 2376 619 2449 locuplete
646 2380 725 2432 nimis
750 2379 857 2432 sortasse

323 2479 415 2530 pareo,
432 2462 518 2516 statim
540 2481 626 2516 mores
645 2463 700 2516 eius
710 2463 856 2516 deterrimis

323 2543 452 2598 coloribus
473 2545 605 2618 depingis,
624 2547 772 2620 grandesque
785 2568 856 2602 occa·

323 2629 396 2682 sione
407 2629 490 2684 oblata
504 2629 536 2682 de
554 2631 610 2685 aliis
624 2631 691 2686 niule
706 2632 836 2703 loquendi.

359 2719 400 2767 25.
431 2714 585 2785 Quaesieris,
611 2736 673 2786 pro:
700 2718 727 2770 Si
751 2729 857 2788 quaerat

323 2797 391 2850 sorte
408 2796 508 2868 aliquis.
522 2798 553 2852 V
549 2801 651 2852 octidius
670 2799 784 2870 locuples
798 2803 854 2871 qui·

323 2881 384 2933 dam
403 2883 479 2936 nobis
497 2883 609 2954 ignotus.
625 2888 710 2938 emus?
737 2889 856 2938 Interro-

323 2976 381 3034 gat,
394 2969 466 3034 quasi
481 2969 594 3034 nesciat,
605 2968 637 3022 dc
649 2989 700 3038 quo
713 2989 800 3035 sermo
813 2970 855 3022 sit.

323 3051 367 3101 Sic
383 3047 467 3104 solent
484 3050 602 3104 homines
617 3052 709 3122 partim
726 3065 771 3117 ut,
789 3053 853 3106 dum

322 3127 510 3184 adcuratiorem
527 3132 633 3188 alicuius
649 3133 855 3205 designationem

322 3216 469 3286 requirant,
483 3235 535 3268 non
549 3236 649 3270 curasse
662 3216 735 3270 illurn
750 3219 854 3272 videan-

322 3313 378 3367 tur,
399 3322 479 3373 eoque
502 3304 615 3358 studium
638 3325 715 3360 suum
742 3305 851 3358 maledi-

321 3385 397 3440 cendi
410 3386 580 3454 dissimilent,
602 3391 694 3460 partim
708 3401 736 3446 ut
749 3391 855 3444 audiunt

321 3471 407 3540 prius,
424 3471 485 3540 quid
510 3471 591 3533 alter,
617 3472 679 3524 dum
705 3473 853 3530 aduri-atius

321 3551 431 3621 aliquem
449 3553 582 3625 designet,
599 3553 631 3612 de
651 3553 695 3608 illo
709 3557 854 3626 praedicet,

321 3653 384 3704 quc,
408 3636 429 3688 si
457 3657 529 3691 aures
552 3639 606 3692 eius
631 3639 854 3693 criminationibus

320 3729 408 3788 patere
429 3725 554 3788 sentiant,
568 3743 599 3777 eo
613 3724 694 3778 tutius
707 3735 732 3778 et
749 3723 854 3778 liberius

320 3803 396 3855 illurn
410 3804 542 3874 sugillent.

355 3891 396 3940 26.
409 3887 487 3938 Dives
498 3900 572 3951 urat,
586 3908 649 3958 prot
665 3887 751 3940 divitis
765 3887 834 3942 illius
843 3871 853 3952 ¹,

320 3968 363 4036 qui
390 3980 453 4023 arnt.
482 3969 582 4024 Cur-tous
596 3991 654 4042 pro:
670 3971 697 4022 in
714 3991 777 4042 agro
797 3975 849 4024 Cu-

907 2387 962 2427 surtt
979 2384 1027 2427 cet.

942 2465 984 2514 27.
999 2461 1132 2526 Hurtcuis?
1147 2460 1226 2516 Nunc
1237 2457 1335 2512 tantem
1346 2457 1413 2520 sentit,

907 2560 985 2612 quem
1010 2542 1074 2596 alter
1099 2553 1206 2619 carpet,
1234 2543 1357 2614 pergitque
1377 2540 1415 2610 ipse

907 2629 993 2680 statim
1010 2626 1115 2682 uberius
1135 2625 1280 2680 describere
1292 2625 1416 2686 hominen,

908 2710 939 2764 ad
956 2730 983 2764 ee
1000 2711 1123 2783 quidem,
1142 2721 1172 2764 ut
1188 2711 1300 2764 similare
1313 2705 1415 2774 vult,ni·

908 2793 945 2846 hit
965 2795 1155 2864 pertinentem,
1179 2807 1267 2850 tamen
1283 2793 1327 2846 sibi
1348 2789 1415 2862 cigni-

907 2887 980 2948 tum;
992 2889 1068 2954 atque
1080 2879 1152 2948 quusi
1168 2889 1200 2932 ut
1208 2880 1255 2932 boc
1263 2877 1342 2930 solum
1352 2887 1415 2928 osten·

908 2963 968 3026 dat,
980 2963 1116 3016 senovisse
1130 2963 1281 3028 hominem,
1291 2963 1415 3032 turpissimis

907 3047 1035 3100 coloribus
1061 3049 1287 3124 eumadurnbrnt.
1313 3037 1413 3099 lluucdis

907 3135 978 3183 iratis
994 3135 1114 3203 geuioqtre
1134 3136 1259 3184 sinistro?
1285 3151 1317 3184 se.
1336 3141 1414 3180 natum.
1476 3133 1478 3188 ,

907 3218 931 3268 ls
949 3214 1043 3268 dicitur
1059 3217 1100 3267 dis
1118 3218 1191 3268 iratis
1208 3219 1324 3287 genioque
1338 3215 1415 3264 sinistro

907 3311 999 3361 natus,
1014 3298 1150 3367 quiritum
1168 3300 1292 3352 miserum
1308 3295 1416 3358 sinitaut

907 3383 948 3442 cui
963 3385 1067 3436 fortuna
1085 3381 1193 3436 adversa
1207 3393 1254 3436 est.
1272 3379 1372 3435 lurensi.
1384 3379 1414 3438 X,

909 3471 965 3519 ⁴29.
975 3465 1001 3518 h.
1018 3470 1036 3520 l.
1054 3467 1207 3520 sicvocatur
1219 3465 1321 3520 sordide
1334 3479 1414 3521 asturus,

903 3551 946 3620 qui
964 3553 1086 3606 omnibus
1108 3553 1174 3608 vitae
1193 3552 1291 3606 deliciis
1314 3549 1415 3608 abstinet,

903 3635 999 3705 quique
1019 3655 1125 3708 ,semper
1152 3637 1267 3692 habendi
1289 3653 1346 3688 eura
1367 3647 1416 3694 eru·¹

904 3719 992 3772 cietur.

939 3803 1042 3872 aaQut
1058 3804 1205 3876 quandoque
1228 3805 1311 3874 iugum
1334 3809 1413 3872 penui

903 3887 938 3949 ud
952 3893 1061 3958 compita
1075 3890 1147 3959 figit.
1166 3887 1307 3960 Compimm
1331 3883 1413 3956 proprie.

903 3983 942 4026 est
958 3972 1125 4044 quadrivium
1135 4011 1143 4036 ,
1157 3984 1182 4026 et
1194 3971 1326 4046 quadrivia
1338 3967 1413 4021 laribru

319 4054 389 4106 renai
409 4073 455 4106 seu
474 4055 585 4117 Sabino,
600 4055 626 4108 in
642 4075 694 4126 qno
708 4067 763 4108 erut
778 4055 854 4118 Cures
903 4055 1083 4126 compitalibus
1109 4076 1179 4110 sacra
1204 4067 1286 4110 erant.
1312 4057 1410 4121 Quorum

319 4137 451 4208 oppidum.
466 4152 589 4210 pruritum,
597 4150 852 4210 prottantumagro·
903 4142 1075 4194 inhonorem
1102 4137 1162 4194 arn'e
1181 4141 1217 4194 ibi
1234 4138 1412 4194 constructura
1477 4191 1478 4206 ,

267 4255 272 4266 ι
318 4239 379 4274 rum
394 4223 520 4291 spatium,
534 4235 668 4294 quantum.
702 4226 852 4278 uoumr'lrus
902 4217 993 4278 sacella
1010 4243 1158 4296 peromnes
1175 4233 1411 4298 quotuorpartespt·
1477 4241 1478 4298 ι

319 4305 424 4357 oberret.
458 4308 511 4359 Huc
536 4306 665 4360 locutione
696 4308 851 4376 proverbiali
902 4309 989 4363 tentia.
1002 4310 1039 4362 lbi
1052 4313 1189 4380 quotannis
1203 4329 1272 4364 saera
1285 4308 1410 4374 tiebaotptt

319 4406 441 4458 agrorum
464 4391 616 4462 magnitudo
637 4389 790 4447 declaratur.
805 4394 849 4444 Pe·
902 4391 1000 4466 aliquot
1020 4394 1090 4460 dios,
1109 4395 1217 4467 Dionys.
1233 4397 1276 4460 tv,
1292 4389 1410 4454 ttuonri·
