3028 5492
303 383 363 444 XC
604 381 743 442 tubex
778 379 970 446 CODlGVM
1006 387 1093 448 MSS.

299 587 403 640 curate
422 573 596 640 emendatus
615 583 646 638 et
665 577 749 660 parsi
770 577 870 662 pretii.
893 579 1066 646 iuvenalem
1086 579 1180 646 babut-
1196 603 1267 646 ouis
1286 583 1415 648 soboliis

298 673 338 735 ad
359 674 524 756 marginem
543 681 576 736 et
594 673 675 736 ictos
692 672 788 736 liusss
808 671 936 758 scriptis.

738 847 782 892 Vl·
801 847 820 890 Ι
839 847 962 894 estote·

341 965 390 1028 32.
411 961 520 1026 Codex
539 982 570 1026 u.
582 962 652 1028 263.

299 1058 551 1120 Membraueceus
571 1057 603 1119 iu
624 1056 677 1119 fol.
689 1066 831 1120 constans
853 1058 892 1142 75
912 1057 1011 1133 foliis,
1031 1059 1063 1121 X
1082 1079 1159 1124 saec.
1178 1069 1337 1132 exaratus,
1361 1061 1414 1122 ni-

298 1153 360 1214 tide
380 1162 412 1215 st
433 1152 586 1233 elsgsoter
605 1151 733 1234 scriptus
753 1164 784 1214 et
803 1162 941 1216 socurste
962 1174 979 1215 e
999 1151 1081 1215 bono
1099 1155 1263 1238 exemplari
1278 1155 1412 1224 ductuss

298 1248 396 1309 nullus
429 1257 530 1308 umen
564 1249 659 1310 vsriss
689 1246 834 1310 lectiones
860 1248 1067 1310 memorabiles
1101 1251 1235 1312 exbibet.
1260 1249 1413 1311 luvenalis

297 1343 375 1405 Xlll
406 1342 510 1402 satiras
527 1340 643 1423 priores
663 1341 753 1403 offert
771 1363 843 1404 cum
863 1351 949 1424 psrto
969 1361 1075 1424 magus
1095 1341 1181 1403 xlv.
1201 1363 1296 1426 usque
1314 1343 1352 1406 sd
1383 1363 1412 1405 v.

301 1441 368 1520 196.
388 1437 508 1500 Scholia
529 1443 681 1519 praetores
701 1436 791 1500 babet
809 1435 848 1498 ad
868 1439 1037 1520 marginem
1057 1449 1089 1501 et
1108 1439 1196 1515 iuter¹
1208 1437 1311 1502 lineas.

588 1600 651 1650 vu.
672 1603 691 1645 s
712 1563 923 1648 nusciosum
945 1601 1116 1648 sansonis.

336 1722 386 1785 33.
405 1719 514 1782 Codex
533 1723 562 1783 1.
582 1741 613 1782 n.
640 1721 726 1799 1589.

295 1817 545 1880 Membrsoscous
565 1815 597 1876 in
618 1819 679 1892 tto.
699 1824 838 1878 constans
862 1835 918 1878 soa
938 1814 1040 1888 foliis,
1061 1814 1123 1876 XV
1142 1835 1219 1878 sseo.
1238 1825 1381 1879 exaratus
1401 1861 1411 1893 ,

295 1911 513 1994 elegantissime
543 1909 574 1970 iu
600 1907 687 1970 ltalia
719 1909 872 1990 scriptus,
891 1929 962 1970 oum
983 1907 1148 1970 initialibus
1169 1907 1265 1970 literis
1284 1930 1361 1970 suro
1381 1922 1413 1973 et

275 2005 449 2067 'coloribus
478 2004 567 2066 variis
593 2005 708 2086 optime
735 2003 883 2084 depictis,
915 2005 983 2066 satis
1003 2003 1081 2066 bene
1102 2003 1285 2066 emendatus.
1304 2003 1413 2080 Quae-

294 2099 364 2161 dam
386 2099 475 2160 babet
496 2099 611 2159 scholia
631 2097 669 2160 sd
690 2107 819 2180 quatuor
839 2097 955 2180 priores
975 2097 1088 2160 satiras.
1122 2097 1152 2158 ls
1172 2107 1327 2181 praetores
1348 2119 1413 2160 non

295 2191 537 2260 contemnendus
557 2201 646 2254 notas
665 2192 794 2254 videtur.

336 2291 388 2364 34.
410 2287 520 2350 Codex
541 2309 572 2350 u.
596 2287 681 2366 1590.

295 2381 477 2444 chartaceus
498 2381 529 2442 iu
551 2385 611 2456 tto.
632 2389 770 2445 constsns
790 2381 830 2446 63
849 2380 949 2456 foliis,
968 2381 1047 2444 xlv
1066 2401 1142 2444 seeo.
1162 2391 1322 2456 eucratas,
1339 2379 1414 2442 satis

295 2477 452 2558 perspicue
471 2485 502 2537 et
520 2475 684 2558 elegentes.
704 2476 849 2538 Ceterum
869 2475 954 2560 psrvi
975 2475 1062 2558 pretii
1082 2487 1128 2538 est
1147 2476 1204 2539 iste
1223 2475 1330 2539 codex.

299 2607 302 2616 ν
336 2571 385 2636 35.
407 2569 514 2634 Codex
533 2591 565 2631 n.
591 2571 679 2653 1767.

295 2664 484 2728 chartaceus
517 2665 549 2726 in
575 2669 638 2741 ltu.
668 2665 844 2728 saec.le
869 2674 1029 2741 exoratus,
1061 2664 1153 2728 hebet
1187 2663 1358 2726 iuvenalem
1379 2674 1412 2728 et

294 2759 431 2820 Persium
460 2761 531 2820 euni
565 2759 780 2822 oommsutsrio
812 2759 1019 2840 copiosissimo
1051 2760 1182 2822 Guariui
1201 2779 1255 2820 seu
1277 2759 1409 2834 Garini,

294 2853 347 2936 qui
367 2853 457 2916 abbas
475 2853 533 2915 fuit
554 2853 731 2918 Victorinus
750 2853 829 2932 spud
850 2853 979 2932 Parisios
999 2861 1030 2914 et
1049 2851 1176 2916 decessit
1194 2873 1223 2916 s.
1246 2856 1336 2936 ¹¹94·

335 2949 394 3010 Hic
413 2959 458 3010 est
477 2947 619 3010 slenolius
640 2947 731 3010 tiss.
750 2949 845 3010 Paris.
866 2949 903 3010 ab
923 2949 1087 3010 thsiutre
1107 2947 1302 3012 collatorum.

334 3045 413 3106 Aliis
432 3043 587 3108 codicibus
609 3065 679 3108 mss.
699 3043 744 3112 usi
765 3052 834 3106 sunt
853 3042 1034 3119 Salmasius,
1053 3042 1209 3126 Scaliger,
1229 3045 1294 3106 Nic.
1307 3041 1412 3104 Heiu-

293 3141 370 3216 sius,
389 3141 551 3213 Muretus,
573 3139 763 3222 Scbsglsius,
786 3141 932 3212 Mercer,
955 3137 1128 3216 Brodssus,
1148 3139 1276 3211 Flavius,
1296 3137 1412 3202 Pontu-

294 3259 373 3311 nus,
399 3234 637 3310 bittersbusius,
669 3234 851 3306 Cluverius,
876 3234 1037 3318 Scioppius
1056 3243 1088 3300 et
1105 3235 1182 3296 aliis
1204 3255 1356 3317 quamque
1378 3234 1415 3295 bi

294 3332 326 3394 ic
346 3331 466 3414 seriptis
485 3331 547 3393 suis
566 3337 731 3394 enouruut
749 3351 788 3394 cx
806 3328 865 3392 illis
885 3329 1061 3394 varietatem
1084 3329 1242 3408 lectionis,
1261 3349 1317 3392 uos
1335 3351 1413 3412 quo·

294 3447 355 3508 que
376 3426 485 3507 passim
503 3425 701 3491 laudavimus
1350 3443 1354 3454 ·

334 3519 471 3582 Aliorum
500 3519 663 3596 codicum,
684 3518 896 3604 qainondam
926 3517 1089 3602 oompsrsti
1111 3525 1183 3582 suut
1202 3537 1274 3582 oum
1292 3516 1415 3599 vulgsts

294 3614 466 3694 scripture,
492 3613 598 3697 ingens
627 3635 770 3678 uumerus
791 3613 823 3678 in
842 3613 1058 3689 bibliothecis,
1073 3613 1141 3676 'uon
1162 3611 1253 3674 modo
1275 3611 1410 3695 publicis

294 3711 407 3792 (inpr-
428 3707 565 3784 Italicis,
585 3708 708 3774 Gallicis
726 3720 757 3774 et
776 3708 912 3791 Anglicis
925 3719 959 3786 ),
977 3707 1030 3772 sed
1049 3707 1139 3774 etism
1167 3708 1293 3790 privstis
1312 3705 1413 3770 latet:

294 3827 325 3866 v.
357 3825 385 3868 c.
406 3804 439 3866 iu
468 3802 613 3868 Bibliotb.
645 3803 819 3869 Gessdorfia
850 3827 926 3869 unus
948 3812 998 3877 (v.
1019 3801 1214 3888 Ephesuerid.
1234 3801 1313 3866 liter.
1326 3801 1414 3882 bips.

298 3907 432 3980 ipso),
463 3898 498 3962 iu
522 3899 746 3980 Rhedigerisus
775 3897 837 3961 duo
867 3907 923 3971 (v.
955 3897 1131 3961 Fialleborn.
1155 3918 1233 3960 vers.
1257 3897 1413 3958 German.

293 3993 392 4055 Persii
410 4015 441 4076 p.
452 3991 488 4053 V.
502 4001 537 4068 i,
560 3993 826 4074 Seukeubergisuu
849 4013 944 4068 unus,
964 3991 1151 4056 Thourios.
1171 3991 1301 4053 Fsrsetti
1328 4011 1411 4050 uuus

293 4086 451 4162 <plenis
471 4089 613 4171 Megetis
625 4109 693 4152 som
707 4087 870 4152 Gebraucb
883 4087 938 4150 der
950 4086 1159 4151 Stasteo-und
1171 4085 1411 4150 Kimissa-Ges·

293 4182 440 4257 obiobts,
474 4185 514 4246 Τ.
543 4184 601 4251 1v.
632 4207 664 4250 u.
696 4208 723 4252 t.
743 4185 885 4246 Francos.
910 4189 1048 4264 1774),
1068 4183 1292 4268 Comburgsnsi
1311 4199 1410 4266 prope

293 4275 399 4340 italum
426 4277 595 4346 Sosiorum
629 4283 693 4346 duo
723 4287 775 4357 (r-
798 4279 1055 4366 tutelligeuabtatt
1080 4279 1137 4344 der
1163 4280 1227 4344 ies.
1247 4279 1328 4364 stip
1348 4275 1410 4340 bit.
