3078 5494
337 390 431 485 226
757 425 982 484 ,rvveuams

334 620 549 698 Prandebat
567 619 636 696 sibi
654 623 812 724 quisque
828 624 950 714 Deua,
971 646 1041 700 uec
1060 604 1174 703 turba
1193 627 1363 704 Deorum

333 738 436 815 Talis
453 753 496 814 ut
514 752 570 816 est
589 736 723 829 hodie,
744 754 999 842 contentaque
1018 738 1141 814 sidera
1158 745 1288 846 paucis

332 854 561 930 Numinibus
579 855 754 936 miserum
772 853 961 957 urgebant
975 852 1127 928 Atlanta
1148 857 1285 932 minori

330 969 518 1050 Pondere.
537 965 718 1046 Nondum
737 969 870 1072 aliquis
890 971 1045 1046 sortitus
1067 973 1171 1046 triste
1186 971 1375 1076 profundi

331 1087 539 1191 Imperium
558 1101 624 1178 rut
641 1085 767 1162 Sicula
786 1104 915 1164 torvus.
932 1112 1018 1172 curn
1038 1089 1197 1190 coniuge
1214 1087 1370 1165 Pluton.
1425 1124 1457 1174 ω

331 1207 412 1280 Nec
431 1221 533 1298 rota,
554 1229 626 1279 nec
642 1204 803 1296 Furiae,
821 1229 894 1280 nec
911 1230 1061 1293 suum,
1081 1220 1146 1278 aut
1165 1203 1326 1282 vulturis
1344 1208 1424 1280 atri

329 1323 460 1396 Poena
470 1350 481 1412 ς
499 1319 566 1397 sed
583 1320 741 1397 infernis
757 1319 896 1396 hilares
913 1323 992 1396 sine
1012 1320 1162 1422 regibus
1182 1323 1351 1398 umbrae.

330 1437 557 1541 Improbitas
575 1433 644 1514 illo
660 1437 734 1514 fuit
752 1435 980 1514 admirabilia
999 1462 1103 1514 aevo.

330 1552 548 1630 Credebant
565 1555 638 1632 hoc
656 1553 800 1658 grande
819 1553 924 1631 nefas
941 1571 980 1630 et
998 1570 1119 1630 morte
1138 1554 1347 1658 piandum,

328 1669 374 1746 Si
392 1672 538 1748 iuvenis
556 1669 687 1747 vetulo
706 1699 786 1748 non
806 1671 1070 1748 adsurrexerat
1090 1689 1129 1748 et
1148 1675 1178 1746 si
1414 1711 1448 1760 55

329 1785 496 1861 Barbato
515 1789 743 1889 cuicumque
762 1815 881 1892 puer,
898 1786 989 1862 licet
1005 1791 1085 1891 ipse
1105 1787 1251 1863 videret
1534 1763 1536 1858 l

328 1899 446 1976 Plura
465 1901 567 1978 domi
585 1903 690 2006 fraga
708 1921 746 1978 et
759 1905 917 1978 maiores
938 1901 1084 2006 glandis
1103 1930 1269 1983 acervos.
1534 1907 1536 2002 Ι

330 2018 425 2090 Tam
442 2016 658 2094 venerabile
675 2025 756 2092 erat
773 2017 1001 2122 praecedere
1020 2035 1186 2122 quatuor
1207 2021 1339 2111 annis,
1535 2013 1536 2024 ¹

330 2133 533 2238 Primaque
551 2160 622 2236 par
640 2131 734 2208 adeo
755 2159 880 2208 sacrae
898 2133 1037 2236 lanugo
1058 2136 1256 2209 senectae!

329 2248 444 2324 Nunc
463 2251 494 2327 si
512 2247 723 2354 depositum
743 2276 821 2326 uon
840 2248 1029 2326 inficietur
1048 2253 1210 2340 amicuS,
1416 2286 1448 2336 σο

330 2363 373 2437 Si
388 2361 524 2438 reddat
540 2380 704 2442 veterem
723 2389 810 2440 cum
828 2383 906 2442 tota
927 2367 1105 2468 aerugine
1125 2365 1273 2456 follem,

329 2476 551 2581 Prodigiosa
567 2478 659 2558 fides
686 2496 724 2556 et
749 2481 877 2560 Tuscis
895 2481 1007 2585 digna
1024 2479 1186 2574 libellis,

364 2699 523 2752 49.ueodmu
536 2703 578 2752 24.
915 2688 981 2752 sisse
1005 2696 1125 2751 uideatur
1148 2696 1227 2750 ovid.
1247 2694 1313 2749 Met.
1333 2697 1370 2760 V,
1393 2704 1449 2751 434.

367 2784 408 2834 60.
422 2779 499 2834 eluro
510 2786 551 2834 46.
562 2785 602 2834 47.
614 2785 754 2834 402225.
767 2784 810 2834 24.
824 2782 866 2835 64.
915 2779 966 2832 Sed
980 2797 1057 2832 altrea
1070 2789 1152 2834 aetate
1168 2777 1286 2831 homines
1298 2776 1360 2831 solia
1374 2779 1451 2834 arbo·

332 2863 444 2931 Pteron,
458 2861 597 2927 niobem,
613 2863 709 2916 dicitur
722 2864 865 2934 Virgden.
914 2881 973 2914 rum
985 2861 1110 2915 fructibus
1123 2871 1197 2929 atque
1212 2859 1298 2912 herbis
1309 2860 1452 2926 victitasse,

331 2944 674 3013 V11,³2r:01aad.n.1³.1‚
689 2950 748 3000 276.
762 2946 795 3000 al.
914 2945 966 2998 iam
980 2943 1024 2996 elii
1035 2944 1317 2996 monuere-maioris
1336 2948 1378 2995 45.
1392 2953 1423 2998 47
1428 2985 1434 2996 .

367 3034 407 3084 52.
420 3029 568 3099 legiburld.
950 3032 991 3080 59.
1002 3045 1061 3095 pers
1072 3025 1177 3096 quidem
1184 3063 1193 3092 ,
1209 3025 1299 3095 probb.
1321 3027 1451 3080 Ascensio
1535 3037 1536 3042 ’

372 3120 416 3168 54.
441 3115 510 3184 «prod
529 3113 644 3182 probae
667 3119 706 3168 43.
722 3121 760 3168 47.
773 3120 811 3167 49.
825 3117 866 3171 20,
914 3108 1073 3174 ¹othbiuo,
1086 3108 1453 3162 crearemur-umorue-

334 3198 377 3245 24.
405 3199 448 3247 23.
466 3199 506 3246 24.
532 3199 573 3248 27.
596 3199 639 3248 45.
664 3201 706 3247 49.
721 3199 763 3248 54.
780 3199 821 3248 55.
841 3207 867 3246 et
914 3191 1005 3246 rabilis
1025 3202 1079 3244 erat
1098 3191 1211 3264 lanugo,
1232 3209 1296 3260 quae
1313 3192 1456 3262 primaeui

332 3279 444 3330 xxxin
456 3276 533 3330 codd
553 3279 631 3331 Paris.
652 3276 681 3330 ld
695 3276 865 3346 ιεοιρίιΔάι.
917 3293 975 3344 para
995 3273 1037 3330 vel
1059 3275 1165 3328 initium
1185 3285 1309 3328 seneciae.
1318 3275 1455 3328 -Primo
1534 3317 1536 3348 ι

330 3371 483 3460 Μαρια
496 3361 544 3413 doc
558 3363 600 3414 22.
915 3361 1017 3429 lermgo,
1030 3369 1059 3412 ιιι
1070 3359 1163 3424 ἴουλος
1175 3369 1200 3412 ei
1208 3377 1234 3412 ιιι
1242 3358 1349 3412 Luciam
1358 3360 1455 3413 Amor
1535 3387 1536 3396 ι

367 3449 406 3496 55.
421 3444 637 3496 amantem.
651 3449 692 3496 2⁹..
703 3446 746 3496 24.
915 3461 938 3496 o.
954 3447 994 3496 40.
1013 3443 1268 3513 μέχριτοῦπρῶτον
1285 3441 1455 3512 ὑπογραψ-

334 3533 409 3582 ’56.
431 3529 575 3599 quiumqroe
596 3533 626 3581 24
652 3547 668 3580 e
690 3546 728 3580 m.
736 3545 773 3598 pr.
784 3529 867 3582 —r'lle
915 3543 956 3586 τος
969 3543 1053 3587 aurore
1066 3529 1142 3596 χιοῦ.
1159 3527 1200 3580 Cf.
1220 3523 1334 3580 baiesen.
1348 3525 1382 3578 ad
1403 3529 1456 3578 He·
1535 3561 1536 3610 p

335 3615 376 3663 22.
914 3609 1016 3662 rodiani
1037 3610 1170 3680 Pamiilmp
1188 3610 1456 3680 43.e4adN1ee4.p
1535 3621 1536 3652 i

367 3698 410 3747 57.
420 3694 550 3765 flagei.
571 3701 611 3746 44.
627 3695 671 3747 40.
686 3696 713 3745 24
738 3709 810 3746 em.
820 3712 866 3764 pr.
916 3698 974 3746 404.
987 3693 1076 3747 ubiet
1096 3692 1160 3747 haec
1180 3695 1349 3748 adnouvit:‘
1349 3696 1408 3746 ‘Ex
1428 3715 1454 3747 v.

332 3778 373 3829 23.
391 3781 432 3830 24.
456 3781 499 3830 40.
515 3781 557 3830 59.
583 3781 624 3831 70.
650 3780 692 3831 75.
716 3781 756 3830 76.
780 3781 821 3830 77.
840 3787 866 3830 oi
915 3781 954 3828 55.
965 3781 1006 3830 56
1015 3786 1098 3846 pelet
1117 3797 1165 3846 par
1185 3775 1454 3847 quisitintelligen-

327 3857 437 3927 quidem
447 3857 523 3912 codd.
532 3857 650 3913 Parlais
663 3857 704 3910 hie
716 3856 788 3910 Alex.
801 3877 865 3912 aava
914 3861 988 3915 dum.
1002 3861 1089 3933 Codex
1103 3861 1205 3916 Thueu.
1214 3861 1367 3930 habelparr,
1376 3862 1453 3931 quod

326 3949 366 3995 44
385 3943 411 3996 b.
432 3949 472 3998 83.
494 3947 537 3997 84.
551 3945 632 4015 sarto
651 3947 810 3996 40-45.45.
824 3947 864 3996 46.
913 3945 1062 4014 neutiquam
1075 3943 1181 4011 malim,
1199 3956 1282 4015 posset
1295 3955 1384 3998 lamen
1400 3944 1449 3998 de-

328 4033 374 4078 47.
397 4032 439 4080 49.
459 4028 502 4081 20.
524 4031 553 4080 24
574 4044 637 4080 am.
649 4043 699 4081 see.
716 4029 759 4078 22.
771 4030 811 4079 75.
821 4031 864 4081 26.
914 4026 1001 4091 sandi,
1024 4025 1153 4080 debuisset
1168 4027 1260 4082 salum
1279 4027 1312 4082 eb
1328 4028 1451 4082 Acham-

331 4111 363 4162 27
369 4115 428 4164 .45.
444 4115 487 4164 46.
503 4115 544 4164 47.
558 4113 599 4162 49.
615 4113 655 4163 60.
671 4113 778 4162 54-·50.
797 4113 863 4161 60·-
910 4107 963 4162 ario
975 4127 1028 4161 non
1042 4108 1248 4178 praetermitti„

329 4195 372 4242 69.
386 4197 496 4246 74-74.
514 4201 542 4245 el
559 4191 676 4262 plerique
693 4191 771 4245 codd.
783 4191 862 4244 Paria.
947 4198 988 4245 64.
1001 4204 1095 4244 veteres
1107 4224 1141 4236 -
1149 4193 1227 4264 [οἱὶει
1240 4197 1283 4246 24.

329 4272 404 4341 prob.
413 4275 563 4340 Autumno,
580 4274 781 4348 quiasragomm
794 4295 860 4328 eerr-
945 4279 986 4328 62.
1004 4276 1100 4329 zubedir
1116 4282 1156 4330 40.
1173 4281 1264 4329 46.20.
1284 4280 1394 4330 23-27.
1414 4279 1448 4328 45

330 4358 676 4429 mecuelodirinonpossitj
696 4361 858 4427 (!)necirn-
909 4365 985 4412 -48.
1008 4363 1051 4414 50.
1071 4365 1181 4416 56-59.
1204 4366 1311 4418 64-67.
1339 4372 1366 4415 et
1396 4361 1449 4416 Xll

329 4437 521 4506 probFernab.
539 4439 607 4510 ipsud
623 4439 752 4498 luvenalis
769 4459 854 4513 respe-
908 4441 984 4498 MSS.
1000 4441 1079 4497 Paris.
