3056 5490
1114 355 1207 470 4¹5

531 389 681 448 stultit
718 389 774 448 tV.

96 591 277 694 Quinque
296 587 533 694 palaestritae
552 584 642 660 licet
660 584 753 660 baec
771 581 961 688 plantaria
979 587 1148 680 vellant,

96 707 424 810 Elixasquenates
443 703 673 780 labefactent
691 701 839 808 forcipe
858 702 1027 796 adunca,
1183 742 1217 794 40
1286 719 1294 728 '

96 860 213 924 scititiis,
233 878 301 934 quos
319 859 436 916 solebant
456 857 578 912 adbibere
594 855 613 908 ii
619 893 633 920 ,
681 855 791 909 omniuo
813 855 953 912 inficetas:
977 859 1021 912 ‘t'n
1047 857 1094 928 qui
1124 859 1218 932 faciam

97 943 192 1014 quibus
207 943 291 1015 capilli
306 937 365 998 inte
384 943 454 998 diem
471 943 631 996 defluxerant
681 935 742 1008 pilis
758 937 890 992 adscititiia
908 955 1001 1008 ornas,
1014 939 1058 994 ubi
1072 951 1164 996 natura
1180 941 1219 1013 pi·

97 1026 185 1092 (Suet.
203 1023 267 1079 Otb.
290 1032 330 1078 tt.
340 1028 369 1094 ),
386 1021 428 1078 vel
449 1023 541 1094 quibus
559 1040 631 1075 raros
681 1021 722 1076 loa
735 1021 782 1076 tibi
798 1022 920 1094 negavit,
933 1042 979 1077 cur
992 1023 1087 1095 depiles
1100 1043 1143 1078 eas
1156 1033 1218 1096 par·

97 1119 201 1162 tantum
218 1117 244 1162 et
261 1107 347 1162 colore
360 1109 463 1182 ingrato
476 1117 569 1160 natura
581 1107 627 1160 tri-
681 1113 734 1172 res,
751 1125 815 1174 quaa
836 1116 930 1160 natura
956 1105 1015 1178 pilis
1037 1109 1141 1162 vestitas
1165 1126 1220 1162 esse

97 1191 197 1246 buerat.
205 1191 257 1245 Sed
277 1195 313 1246 sic
333 1211 435 1264 quoqne
460 1202 538 1246 restat
559 1192 627 1246 diffi-
682 1187 782 1244 voluit?

97 1273 179 1328 ⁶¹¹ll⁸⁸
201 1275 229 1328 5¹¹
253 1277 385 1341 ”Willl's'
411 1295 474 1330 Μ
507 1275 632 1347 frigidam
718 1293 826 1344 39-44.
850 1289 948 1346 Natura
974 1299 1000 1344 te
1026 1289 1111 1344 voluit
1128 1289 1218 1343 virum
1268 1267 1273 1278 Ι

97 1377 152 1412 esse
169 1359 385 1424 translationem,
407 1360 428 1414 ai
445 1359 510 1412 illud
524 1377 571 1430 pro
583 1379 628 1430 pe·
682 1391 738 1428 ω,
745 1413 755 1439 s
777 1384 806 1428 m
823 1374 943 1446 ghbffim
957 1386 984 1430 ,g
997 1373 1107 1430 monem
1122 1385 1147 1429 ι,
1160 1375 1220 1428 ml.

96 1443 166 1498 ctine
182 1444 328 1516 adripitur,
345 1465 424 1500 nemo
450 1444 526 1498 facile
542 1465 629 1518 naga·
683 1457 860 1526 deferendas,
874 1459 918 1513 aed
932 1478 1037 1531 operam
1054 1459 1152 1531 perdia.
1176 1469 1221 1516 39.

97 1529 153 1592 bit,
178 1539 221 1596 et,
245 1540 320 1600 tropo
341 1539 459 1598 remoto,
472 1535 569 1602 pectirre
582 1549 627 1604 pe·
685 1539 798 1613 (ΜΨ,
820 1543 983 1612 palaearum
995 1544 1055 1596 [1002
1068 1541 1129 1596 tm
1140 1543 1218 1613 plan.

98 1613 632 1686 etere,quisserretandempleonasmnm
682 1627 749 1678 wia
761 1626 916 1680 pellan,
932 1626 1100 1696 dmpgcffl,
1118 1621 1217 1701 apexa-
1286 1657 1294 1674 .

97 1695 172 1750 illurn
192 1697 294 1766 pareest
317 1701 416 1750 Forsan
441 1699 520 1751 etiam
539 1698 570 1763 ii,
587 1699 634 1767 qui
682 1709 1032 1774 murg‚h‚1,„m0„0m
1049 1729 1118 1774 me,
1133 1729 1218 1764 unm.

99 1779 178 1833 barba
195 1779 311 1836 destituti
326 1791 415 1846 erant,
429 1791 472 1834 ant
485 1791 574 1836 tenera
591 1781 630 1835 la·
684 1792 793 1866 quisque
811 1793 891 1848 vider,
911 1797 965 1849 ΗΟ.
982 1795 1140 1865 palaestrita,
1165 1811 1221 1846 esse

99 1865 195 1938 nugine
209 1877 309 1918 tantum
324 1866 443 1921 instructi
457 1865 581 1934 (Martitl
594 1869 634 1936 Χ,
685 1887 802 1942 vocatos,
819 1877 880 1946 quia
904 1876 1075 1932 robustissimi
1103 1874 1220 1931 vulsores

100 1956 156 2019 ⁴12.)
173 1952 298 2022 parabant
321 1952 371 2005 sibi
392 1950 554 2006 adscititiam.
582 1953 633 2006 No·
684 1966 769 2010 essem
790 1957 953 2029 intelligendi
969 1969 996 2012 et
1008 1953 1069 2011 snae
1082 1957 1221 2028 professio-

99 2044 157 2087 trun
175 2035 280 2106 quidem
301 2047 355 2100 est,
379 2034 424 2088 ilio
450 2047 566 2107 tempore
582 2039 633 2089 iio·
684 2039 726 2096 nis
739 2043 842 2114 apices,
854 2043 1020 2096 Casauboms
1031 2051 1130 2104 manet,
1140 2060 1222 2114 quem

100 2137 192 2172 ananoa
212 2119 317 2172 barbana
332 2137 386 2174 non
400 2117 508 2184 aluisse,
519 2119 564 2172 sed
576 2129 634 2174 ton·
685 2136 786 2179 secutus
800 2145 904 2198 quoque
914 2137 952 2179 est
965 2128 1053 2179 Burm.
1067 2125 1100 2179 ad
1114 2127 1222 2180 Patron.

100 2203 215 2258 dandam
233 2221 549 2274 curasse,verumaeqne
566 2223 634 2258 cnn-
685 2211 735 2272 a«,
755 2207 800 2260 ubi
813 2209 995 2278 palaestricae,
1023 2225 1085 2276 quas
1110 2205 1146 2261 ait
1166 2225 1222 2260 esse

101 2297 166 2353 atat,
182 2287 291 2342 iuvenes
300 2307 358 2341 eam
372 2287 532 2360 aliquamdiu
542 2289 576 2342 ad
592 2289 632 2342 vi·
686 2291 832 2356 ministras,
859 2290 980 2356 ancillas,
999 2309 1066 2362 quae
1082 2288 1142 2342 oleo
1159 2308 1218 2358 per·

101 2367 229 2440 gesimam
251 2368 394 2422 secundum
420 2369 509 2432 aetatis
534 2389 635 2424 annum
685 2373 826 2426 funderent
844 2374 1026 2439 certantes,in
1039 2375 1221 2445 palaestritae,

101 2466 128 2506 et
152 2471 226 2524 saepe
246 2453 314 2506 ultra
338 2457 484 2508 nutrivisse.
508 2453 635 2509 Videmus
686 2475 751 2528 quos
769 2477 823 2512 esse
840 2458 1025 2527 cosperbibet,
1038 2459 1081 2528 qui
1098 2459 1162 2512 acin
1176 2475 1220 2528 pa·

102 2537 183 2590 ctiam
204 2557 274 2592 nunc
289 2537 318 2590 in
345 2537 399 2608 ipsa
416 2537 494 2592 Persii
522 2538 635 2612 imagine
685 2539 779 2594 laestra
802 2553 975 2605 exercerent,
1001 2543 1096 2594 mutari
1125 2553 1221 2606 vetat,

101 2623 182 2694 (quae
201 2633 305 2690 tamen,
322 2642 356 2676 an
375 2623 455 2678 nostri
475 2628 565 2694 poitae
583 2625 634 2690 sit,
687 2643 846 2697 quamquam
868 2625 896 2678 in
915 2623 1048 2680 nonnullis
1067 2625 1142 2679 codd.
1160 2644 1222 2680 mss.

101 2705 272 2761 vehementer
293 2707 401 2777 dubito)
421 2707 513 2762 barbae
537 2719 636 2779 partem
684 2711 846 2782 pdaestritae
879 2709 985 2782 legitur.
1016 2709 1160 2764 Salmasius
1189 2711 1222 2764 ad

101 2789 169 2843 baud
181 2791 301 2863 exiguam
315 2792 342 2844 in
354 2792 427 2864 genis
440 2793 496 2845 eius
508 2793 638 2858 relictam,

102 2885 198 2945 atque,
217 2886 246 2928 ut
265 2874 388 2946 adparere
407 2876 527 2943 videtur,
540 2875 582 2932 val
596 2895 637 2930 ca·

101 2955 218 3012 lamistro
244 2971 384 3032 comptam.
412 2961 519 3014 Etiamsi
544 2973 634 3026 eraut,

101 3041 145 3112 qui
171 3035 306 3096 evellendi
327 3055 353 3098 et
374 3044 537 3114 exstirpanda
559 3044 638 3098 barba

100 3127 205 3182 seminis
219 3147 245 3181 ae
254 3127 352 3181 similes
368 3129 477 3182 reddere
487 3129 647 3202 studerent,¹

100 3220 188 3262 tamen
203 3209 280 3262 barba
293 3210 401 3262 omnino
419 3209 570 3264 destitutum
583 3231 638 3264 esse

102 3291 181 3366 vulgo
195 3304 268 3364 turpe
280 3293 435 3360 habebatur,
453 3297 636 3363 Fortunaeque

102 3375 223 3430 barbatae
249 3375 376 3448 supplices
400 3369 496 3430 fiebant
513 3377 636 3441 invenes,

102 3471 130 3514 ut
142 3459 219 3514 sarisa
235 3480 279 3514 sua
293 3461 371 3514 barba
385 3463 531 3514 vestiretur.
544 3465 573 3514 ln
588 3481 639 3531 qua

102 3555 128 3597 et
146 3545 273 3598 comenda
292 3555 317 3598 et
337 3543 465 3598 tondenda
485 3555 511 3596 et
525 3543 639 3598 radenda

102 3639 129 3682 et
143 3629 262 3684 vellendo
275 3650 406 3684 summam
420 3630 578 3684 adhibebant
590 3630 639 3684 ele·

103 3719 219 3786 gantiam
247 3715 385 3770 delicatuli.
412 3717 489 3786 Quod
512 3717 534 3770 si
561 3716 640 3788 igitur

102 3808 260 3866 statuamus,
277 3801 370 3854 barbae
387 3811 499 3870 partem,
510 3818 587 3868 quam
602 3817 640 3852 re·

104 3882 223 3954 linquere
249 3883 335 3938 forsan
352 3886 380 3936 in
405 3885 479 3956 genis
506 3887 639 3953 (maxillis.

104 3966 219 4022 Martial.
237 3971 313 4034 Vlll,
329 3973 393 4040 4⁷.)
414 3970 494 4022 moris
512 3980 566 4022 erat
575 4009 584 4033 ,
598 3970 641 4022 ad-

105 4051 226 4104 scititiam
248 4052 341 4120 sitisse,
355 4063 384 4105 ut
407 4052 501 4106 nostris
518 4053 640 4124 tempori·

104 4135 154 4188 bus
167 4133 251 4188 simile
264 4135 361 4206 aliquid
376 4135 504 4200 vidimus,
522 4155 640 4207 eamque,

5 4241 7 4246 ·
106 4219 182 4289 quasi
202 4219 359 4290 genuinam,
370 4220 493 4290 depcaam
507 4239 551 4272 seu
564 4239 636 4272 rom·

106 4315 178 4374 ptam
191 4304 282 4358 abillo
296 4304 364 4359 bello
381 4317 407 4360 et
424 4304 481 4358 oleo
502 4305 642 4375 excpaisitis·

106 4388 174 4445 simo
198 4385 353 4456 delibutam,
379 4407 467 4443 seusus
489 4389 572 4443 oritur
587 4409 641 4444 uon

687 2794 799 2848 Tertull.
808 2795 840 2850 de
853 2794 937 2850 Pallio
949 2815 974 2866 p.
988 2799 1047 2850 27³.
1057 2815 1101 2848 eoa
1110 2813 1222 2866 quoque,

687 2880 734 2949 qui
759 2877 873 2951 xysticos
885 2879 911 2931 in
925 2875 1067 2949 gymnasiis
1080 2875 1224 2948 depilarent

688 2981 717 3016 ac
731 2961 890 3034 levigarent,
901 2963 1060 3034 palaestritas
1077 2979 1130 3015 esse
1145 2981 1220 3015 voca·

688 3055 744 3113 tos,
763 3045 892 3116 disputat,
904 3064 998 3098 verum
1014 3044 1117 3098 nullum
1134 3044 1222 3098 locum

687 3129 773 3184 adfert
780 3170 790 3194 ,
805 3129 851 3184 ubi
867 3129 957 3184 vulsor
970 3140 1014 3183 ant
1027 3140 1119 3184 unctor
1130 3131 1219 3201 palae·

688 3217 761 3266 satra
789 3225 903 3267 vocatur.
938 3215 1037 3266 Forsan
1058 3213 1127 3266 servi
1153 3211 1223 3282 apud

688 3303 828 3369 liornanos,
837 3299 879 3368 qui
888 3297 1017 3368 palaestris
1030 3300 1136 3368 privatis
1146 3317 1221 3366 prae·

689 3391 762 3434 erant
771 3421 778 3446 ,
786 3384 948 3454 palaertritae
955 3420 965 3445 ‚
973 3382 1132 3435 vocabantur
1138 3381 1224 3450 (Mar-

689 3467 743 3520 tial.
757 3471 792 3521 111
803 3509 811 3534 ‚
829 3473 870 3524 58.
888 3472 960 3536 25.),
983 3468 1051 3536 iique
1072 3485 1124 3520 non
1138 3465 1225 3520 solum
1297 3534 1304 3545 Ι

690 3548 796 3604 invenes
816 3548 909 3602 beriles
929 3559 983 3601 arte
1001 3547 1150 3618 palaestrica
1163 3567 1224 3600 ern·

690 3630 811 3694 diebant,
840 3647 933 3682 verum
959 3629 1037 3682 etiam
1062 3628 1176 3681 dominis
1197 3627 1225 3680 in

690 3715 803 3767 curanda
824 3725 881 3767 cute
901 3725 927 3767 et
939 3711 999 3784 pilis
1011 3711 1156 3766 evellendis
1167 3732 1226 3783 ope-

691 3817 748 3850 ram
775 3797 915 3850 navabant.
938 3799 993 3850 Hoc
1017 3795 1124 3867 quidem
1159 3796 1226 3849 mihi

691 3893 791 3936 cenum
805 3881 908 3935 videtur
924 3901 991 3946 esse,
1004 3883 1226 3950 Nostrum,quum

691 3985 737 4038 pm
754 3965 904 4036 dropacistis
913 3966 1071 4038 palaestritas
1085 3962 1226 4028 scriberet,

692 4070 744 4103 non
757 4061 811 4104 torn
824 4048 976 4104 athleticum
989 4047 1070 4101 robur
1084 4047 1226 4128 rcsppxissc

692 4155 773 4208 qnam
795 4133 982 4189 dexteritatem.
1003 4136 1146 4204 plantaria,
1170 4133 1187 4188 i.
1201 4151 1227 4188 e.

712 4219 766 4272 ilos.

691 4241 709 4294 P
730 4310 771 4358 40.
792 4305 833 4358 Cf.
852 4307 939 4356 Horat.
962 4300 1109 4372 Epod.vttt
1119 4337 1128 4368 ‚
1144 4307 1158 4358 5
1172 4321 1227 4372 seq.

695 4385 777 4444 Nara
795 4399 868 4444 vocat
888 4388 980 4451 cleas,
1001 4403 1066 4455 quae
1077 4383 1168 4454 balneo
1181 4405 1223 4442 ca·
