3056 5490
551 441 703 498 seruus
740 443 778 500 v.
1119 405 1239 526 425Ι

98 645 242 720 Secreti
261 640 464 746 loquimur.
494 642 562 716 tibi
581 667 706 732 nunc,
724 641 900 719 hortante
920 645 1080 722 Camena
1093 619 1121 728 ,¹

99 757 334 834 Excutienda
354 757 483 833 damus
503 757 750 862 praecordia:
770 777 990 864 quantaque
1008 781 1160 837 nostrae
1224 748 1226 756 i

56 969 58 974 Ι
97 878 191 948 Pars
210 891 274 949 tua
291 875 757 966 sit,·Cornute,·animae,
776 873 864 966 tihi,
885 873 1008 951 dulcis
1028 879 1169 970 amice,

98 989 314 1066 Ostendisse
333 993 447 1068 iuvat.
473 989 614 1094 pulsa,
628 991 851 1094 dignoscere
871 1010 1005 1068 cautus
1016 1015 1028 1085 ,

98 1105 202 1200 Quid
222 1104 384 1182 solidum
401 1125 553 1211 crepet,
572 1124 611 1180 et
629 1109 752 1211 pictae
771 1107 1109 1212 tectoria'linguac.
1190 1143 1224 1193 25

98 1226 164 1299 llis
185 1250 255 1326 ego
274 1242 452 1298 centenas
472 1227 590 1299 ausim
608 1223 815 1330 deposcere
835 1249 970 1318 voces,

98 1339 172 1429 Vt,
192 1359 379 1443 quantum
399 1340 488 1414 mihi
510 1358 547 1414 te
565 1343 717 1416 sinuoso
735 1343 776 1414 in
794 1359 950 1445 pectore
969 1339 1056 1432 liri,

100 1459 206 1532 Voce
226 1459 370 1532 traham
388 1485 508 1560 pura,
526 1473 725 1560 totumque
741 1458 814 1532 hoc
835 1460 949 1535 verba
969 1461 1188 1563 resignent,

99 1574 213 1669 Quod
232 1571 325 1649 latet
345 1599 482 1652 arcana
501 1599 581 1650 non
600 1574 813 1651 enarrabile
833 1571 938 1649 libra.

101 1815 152 1885 psit
160 1828 293 1886 turgescat.
309 1815 370 1868 dare
383 1814 479 1881 pandus
492 1815 638 1886 idoneoflr·
687 1811 719 1866 de
728 1816 782 1883 ipso
794 1814 888 1866 merito
898 1816 993 1884 gratias
1003 1821 1100 1883 ageret,
1114 1811 1222 1866 induxit:

101 1917 162 1961 mo,
177 1901 266 1953 Horat.
282 1899 361 1967 Epist.
377 1902 397 1961 Ι,
412 1904 451 1950 49.
464 1897 564 1950 etia.
573 1915 637 1965 quae
687 1897 775 1966 ’γελοῖοι
789 1899 873 1949 τοίνυν
882 1895 1005 1965 settene
1017 1894 1049 1948 ἂν
1063 1901 1189 1966 ποιοῖμεν,
1203 1895 1225 1948 εἰ

100 1981 193 2050 pagina
218 1983 294 2052 nugis
325 1983 441 2054 (firmo)
470 1979 550 2049 possit
576 1979 639 2032 dare
687 1983 767 2034 πάλαι
787 1980 1102 2051 ἀναμιχθέντις,κοιὶ,ὦς
1127 1975 1221 2031 οἷόντε

101 2066 217 2134 aliquam
229 2065 391 2135 dignitatem.
408 2065 520 2116 Sensus:
533 2063 592 2116 Non
604 2081 632 2116 e·
688 2058 731 2127 ἦν,
741 2065 774 2125 εἰς
787 2063 831 2116 ἕνα
849 2063 1015 2124 συνελθόντος,
1025 2063 1060 2115 ἔτι
1070 2062 1138 2132 μίγα
1148 2063 1222 2130 νομί·

104 2149 214 2218 quidem
227 2148 254 2200 id
266 2167 331 2218 ago,
348 2159 377 2201 ut
394 2147 543 2200 huhrsmodi
565 2147 640 2216 uagis
687 2142 859 2220 ζοιμενεῖναι,
874 2148 895 2201 εὶ
907 2148 935 2200 τὸ
949 2147 1022 2220 μέρος
1035 2148 1107 2217 ἡμῶν
1128 2141 1224 2218 ἔπραξέ

101 2229 245 2284 dilatentur
257 2249 315 2283 mea
326 2233 419 2299 scripta
432 2234 638 2298 incomparata,
687 2247 712 2280 τι
729 2229 844 2298 χρηστόν
866 2228 932 2300 ὑπὲρ
953 2228 1012 2282 ὅλου
1030 2229 1075 2279 τοῦ
1097 2226 1223 2296 σώματος’

101 2323 133 2366 ut
144 2313 199 2367 illis
211 2313 272 2366 inde
292 2315 391 2384 nugis,
408 2331 471 2382 (prae
485 2331 531 2382 per
547 2331 574 2365 se
594 2313 636 2364 ni·
687 2311 751 2382 ὑπὲρ
773 2312 864 2366 ἑαυτοῦ
884 2312 936 2382 γὰρ
958 2307 1083 2385 inpares,
1096 2309 1170 2380 μέρος
1193 2306 1222 2360 ὃν

101 2397 150 2452 hili
161 2400 227 2462 sint,
241 2398 450 2470 aliquadignitas
461 2399 597 2450 adcrescat.
687 2401 732 2450 τοῦ
749 2396 809 2449 ὅλου
826 2390 854 2448 εὗ
868 2398 1021 2467 πάσχοντος.

135 2477 637 2560 21.Secreutoqmmpr.tlocpraemit·
721 2487 763 2533 25.
780 2493 803 2532 et
820 2482 900 2550 pietas
918 2481 1021 2530 tectoria
1042 2478 1152 2548 linguae.
1180 2477 1223 2528 Ab

100 2565 133 2620 tit
150 2565 306 2618 adorassem
329 2564 453 2616 adulandi
468 2563 638 2632 suspicionem
687 2561 766 2614 altera
782 2561 928 2630 metaphora
941 2559 1032 2612 transit
1052 2561 1084 2612 ad
1105 2559 1223 2612 alteram.

100 2649 284 2704 amovendam.
302 2651 415 2702 honerate
433 2647 558 2711 Caurino,
579 2650 594 2699 i.
615 2665 638 2699 e·
688 2645 720 2695 Vi
737 2642 844 2712 obpositi
861 2659 949 2694 sensus
962 2649 1001 2692 est
1018 2640 1045 2692 in
1062 2641 1165 2709 aprico3
1180 2639 1221 2690 di-

101 2737 201 2804 lmpetu
213 2734 322 2804 pectoris
336 2733 388 2785 mei
407 2733 434 2786 id
452 2731 582 2800 exigente.
688 2745 745 2780 cere
761 2725 818 2779 vult
828 2725 928 2790 Noster,
940 2727 1084 2778 Cornutum
1096 2742 1169 2794 posse
1184 2723 1222 2775 di·

136 2821 178 2869 22.
192 2817 357 2870 Excutienda.
384 2816 506 2868 Excutere
524 2815 636 2886 portito-
688 2828 811 2882 gnoscere
832 2825 925 2862 verum
953 2806 1065 2860 amicum
1085 2823 1099 2857 a
1116 2805 1178 2858 falso
1198 2817 1223 2856 et

100 2921 162 2954 rum
184 2902 290 2955 solenne
316 2903 441 2964 verbum,
464 2901 509 2970 qui
530 2902 639 2953 sarcinas
686 2893 807 2946 similate.
824 2895 967 2954 ιεοιοοίιοο,
986 2890 1113 2958 retinen,
1131 2891 1221 2940 incru-

101 2986 324 3057 peregriuantium
339 2997 438 3054 apertas
452 2983 636 3053 explorabant,
687 2981 763 3030 statio
774 2975 901 3048 parietum
916 2993 1035 3028 erarem
1048 2985 1074 3026 et
1086 2972 1169 3038 calce,
1181 2974 1222 3024 ia-

102 3088 168 3122 nunt
181 3070 247 3133 forts
261 3070 296 3122 ibi
309 3069 420 3122 inessent
435 3085 535 3120 merces
551 3068 639 3119 inscri-
688 3059 721 3112 tle
736 3079 782 3128 pro
796 3059 864 3110 suco.
896 3061 978 3127 pictae
1000 3060 1103 3107 tectoria
1124 3056 1225 3123 hrrguaa

104 3161 164 3223 μοι
171 3191 181 3216 ,
195 3173 274 3222 quas,
288 3171 372 3224 quun.
387 3152 562 3212 invenimur,
584 3169 639 3220 pu.
688 3162 751 3212 pro:
766 3143 887 3207 tectoriis,
900 3140 993 3208 quibus
1008 3138 1097 3210 lingua
1114 3137 1227 3190 obducta

103 3235 238 3290 blicabant.
253 3239 349 3288 Seneca
368 3234 448 3305 Epist.
470 3239 511 3288 7².
541 3235 636 3304 Exptt-
689 3237 737 3280 est.
750 3225 840 3278 Pietas
854 3241 907 3275 non
924 3221 1018 3292 placuit
1032 3217 1228 3280 l.G.Graevio,

103 3321 197 3372 ecardus
222 3332 259 3372 est
279 3325 394 3382 animus,
411 3331 452 3382 et,
477 3335 640 3389 qruearmque
688 3307 801 3379 legitque
811 3306 929 3380 fictaeh.
943 3305 959 3358 l.
973 3305 1228 3375 pietaetectorialr'u.

101 3405 249 3472 apudillam
266 3405 379 3473 deposita
390 3415 463 3465 auru,
480 3401 582 3453 subinde
599 3419 639 3451 ea·
688 3412 752 3464 guae
765 3403 825 3445 sunt
839 3391 917 3444 verha
927 3389 1047 3453 similata,
1057 3388 1136 3441 animi
1150 3389 1228 3440 hene·

101 3490 152 3538 cuti
166 3487 262 3540 debere.
276 3485 537 3560 praecordinpptsec.
552 3485 639 3534 Theo·
688 3475 830 3530 volentiam
844 3473 1003 3526 mentientia.

103 3568 160 3622 crit.
175 3571 280 3633 ΧΧΙΧ,
294 3577 319 3622 3.
338 3568 418 3640 lippia
437 3566 526 3637 μὶντὰ
546 3569 639 3639 φρονῶν
723 3565 763 3612 27.
779 3561 875 3611 sirruoso
888 3564 1032 3628 inperatore,
1051 3555 1068 3606 i.
1085 3573 1108 3607 e.
1127 3554 1156 3605 in
1177 3571 1229 3622 pe·

106 3651 168 3724 ips'at
183 3651 251 3704 κέατ’
270 3651 295 3706 iu
309 3656 396 3722 μυχῶ.
690 3652 762 3696 ctare
784 3641 883 3694 multos
905 3657 1016 3694 secamus
1040 3637 1166 3701 habente,
1183 3635 1231 3688 ubi

138 3741 179 3789 23.
194 3749 332 3808 qrwrtaque
345 3747 443 3788 rrostrne
455 3733 523 3786 Pan
536 3745 578 3786 aaa
590 3737 640 3797 sit,
691 3726 789 3795 aliquid
803 3725 938 3779 condilum
951 3725 1028 3793 possit
1044 3721 1131 3774 tatere.
1145 3721 1225 3772 Simi-

106 3819 232 3884 Gormre,
266 3826 372 3874 ammae,
409 3821 568 3874 suavissima
603 3829 642 3871 m
690 3809 776 3862 litudo
793 3806 925 3878 deamplo
939 3805 1217 3872 vestimentosrtmpta.

103 3905 194 3976 imago
223 3906 351 3975 perfectae
378 3904 507 3956 amicitiae
530 3901 641 3955 duorum
727 3899 769 3947 28.
785 3894 887 3946 maltam
904 3911 940 3944 sc.
953 3909 984 3944 ex
1000 3893 1106 3944 sinuoso
1119 3898 1222 3958 pectora

105 3989 401 4044 animorumvoluntatis
415 4000 440 4040 et
454 4007 557 4040 morum
570 3987 640 4040 simi·
688 3999 761 4050 pura,
774 3978 894 4032 candida.
923 3977 1058 4046 Resigrrari
1078 3971 1182 4044 proprie
1200 3971 1250 4024 de·

106 4071 217 4124 litudine
240 4073 268 4124 in
292 4091 375 4124 unum
401 4073 472 4140 quasi
494 4069 642 4123 coalescen-
694 4061 777 4115 literis
791 4060 1001 4131 dicitur,quibus
1018 4057 1123 4127 siguum
1142 4054 1230 4108 detra·

105 4156 185 4220 tium,
202 4165 231 4208 ut
244 4155 310 4208 alter
325 4154 428 4208 alterius
441 4173 496 4224 pars
514 4153 644 4208 habeatur.
698 4145 780 4212 hiturt
798 4145 884 4216 itaque
897 4148 1020 4215 resignent
1039 4160 1094 4212 pror
1107 4143 1232 4209 aperiant,
1248 4173 1259 4210 ,¹

106 4243 218 4312 Egregie
232 4241 360 4294 ercianus
372 4243 400 4292 in
411 4244 504 4292 Toxar.
519 4243 552 4291 T.
568 4241 599 4292 ll.
620 4257 646 4308 p.
698 4231 839 4285 declarent·

108 4328 166 4376 558.
178 4324 300 4376 adlteie.
319 4322 431 4375 arnicurn
446 4321 556 4375 alterum
578 4320 644 4374 leni·
733 4322 775 4369 29.
792 4316 938 4368 enarrabile.
956 4321 1051 4383 spectat
1068 4309 1099 4364 ad
1119 4307 1235 4363 adfectas

108 4423 149 4471 ger
172 4406 423 4475 reprehendentem,
446 4406 491 4474 qrri
512 4405 559 4460 sibi
585 4405 648 4458 bene
699 4399 925 4472 magnitudinem,
941 4416 1006 4468 quae
1021 4395 1106 4450 serbis
1127 4392 1236 4465 exprimi
