3098 5498
368 383 464 501 248
666 398 673 408 ’
788 365 1022 498 4444444444ι

362 609 506 690 Nobilis
523 610 605 702 hio,
622 632 862 712 qarooumque
882 606 984 684 venit
998 601 1055 692 de¹
1068 607 1259 708 gramine,
1277 611 1384 686 cuius
1447 641 1479 698 ⁶0

360 727 472 806 Clara
488 725 578 828 fuga
595 739 682 798 ante
701 721 847 798 alioset
865 723 1007 826 primus
1025 723 1067 796 in
1086 748 1251 825 aequore
1271 723 1417 829 pulvis:

358 843 437 920 Sed
455 840 586 923 venale
605 866 720 946 pecus
739 839 926 943 Corythae
947 840 1145 943 posteritas
1165 858 1204 916 et

358 959 533 1063 Hirpini,
552 960 583 1034 si
602 984 688 1030 rara
706 958 794 1058 iugo
811 955 978 1030 Victoria
996 953 1103 1030 sedit.
1152 960 1154 968 “

357 1073 424 1152 Nil
442 1074 493 1148 ibi
512 1074 695 1149 maiorum
713 1087 926 1174 respectus,
945 1070 1064 1172 gratia
1082 1066 1189 1144 nulla

360 1187 611 1266 Vmbrarum:
631 1187 802 1264 dominos
819 1187 949 1290 pretiis
969 1201 1113 1272 mutare
1133 1183 1315 1274 iubentur
1446 1223 1475 1274 «ς

336 1393 339 1398 ,
359 1305 532 1408 Exiguis,
552 1305 718 1406 tritoque
736 1303 891 1378 trahunt
910 1300 1078 1406 epiredia
1098 1299 1198 1410 collo

358 1417 591 1522 segnipedes
610 1418 792 1524 dignique
809 1415 944 1491 molam
966 1441 1115 1492 versare
1133 1409 1300 1518 Nepotis.

359 1535 465 1636 Ergo
485 1550 528 1608 ut
545 1535 723 1609 miremur
741 1551 800 1625 te,
818 1559 897 1608 non
915 1549 1000 1627 tua,
1018 1533 1181 1635 primum
1198 1529 1342 1634 ahquid
1361 1529 1431 1624 da,

358 1651 474 1744 Quod
491 1652 628 1755 possim
647 1649 763 1726 titulis
783 1649 950 1724 incidere
969 1665 1120 1752 praeter
1137 1650 1321 1741 honores,
1400 1737 1403 1742 Ι

361 1769 464 1862 Quos
482 1765 556 1843 illis
583 1766 715 1842 damus
734 1782 772 1840 et
790 1765 981 1854 dedimus,
998 1764 1136 1868 quibus
1154 1769 1278 1840 omnia
1295 1764 1418 1840 debes.
1439 1765 1474 1816 ⁷⁰
1538 1819 1539 1866 3

411 1885 512 1960 Haec
531 1885 617 1958 satis
636 1881 684 1955 sd
692 1884 882 1970 iuvenem,
902 1907 1015 1982 quem
1030 1880 1139 1954 nobis
1155 1879 1251 1954 fama
1268 1880 1470 1985 superbum
1538 1869 1539 1904 ³

358 1996 494 2072 Tradit
513 2012 551 2069 et
569 1993 740 2069 inflatum
761 1993 993 2097 plenumque
1012 1996 1163 2068 Nerone
1190 1999 1418 2099 propinquo.

359 2114 481 2188 Rarus
500 2113 601 2187 enim
617 2108 736 2186 ferme
756 2135 886 2186 sensus
906 2111 1113 2186 communis
1130 2111 1170 2184 in
1189 2109 1254 2186 illa

395 2340 564 2397 ducenties
579 2347 619 2398 47,
634 2343 891 2396 48.49.25.27.48.
976 2345 1017 2394 66.
1037 2341 1095 2392 tn'so
1115 2352 1139 2392 el
1162 2342 1250 2394 44444444
1270 2347 1312 2394 24.
1326 2353 1351 2394 et
1372 2347 1430 2396 trito
1442 2343 1468 2396 d.

360 2429 403 2478 66.
422 2431 461 2477 57.
479 2431 586 2480 59-70.
605 2431 646 2478 74.
660 2431 700 2478 77.
719 2421 835 2477 Clroritae
850 2429 890 2476 20.
944 2429 986 2476 45.
1010 2425 1113 2494 tritoque
1134 2427 1174 2476 40.
1200 2429 1240 2478 ll.
1263 2431 1302 2477 44.
1322 2433 1362 2479 45.
1377 2433 1469 2482 4025.
1537 2445 1539 2460 ·

361 2503 479 2558 Corintlse
502 2515 541 2560 44.
563 2513 602 2562 58.
627 2505 753 2573 Comen
773 2504 892 2576 plerique
941 2511 983 2562 26.
1005 2513 1046 2561 46.
1069 2515 1111 2563 47.
1131 2513 1173 2562 48.
1189 2513 1230 2561 50.
1244 2515 1470 2564 54-59.74-74.

358 2587 483 2643 exhibent
501 2588 577 2654 utri,
600 2600 627 2643 er
642 2589 722 2661 vulgo
735 2599 840 2659 ponne,
865 2587 892 2641 44
944 2599 986 2646 44.
1007 2593 1106 2646 eratne
1127 2599 1166 2644 44.
1188 2597 1230 2646 45.
1245 2599 1286 2645 eo.
1308 2598 1348 2646 se.
1374 2600 1415 2647 so.
1433 2601 1470 2648 44
1538 2585 1539 2588 ’

309 2725 312 2732 ,
361 2690 441 2740 equae
469 2672 678 2743 generosissimae
699 2691 797 2726 nomen
821 2689 891 2737 esse,
942 2679 1048 2727 59-69,
1063 2681 1171 2728 74-74.
1186 2682 1227 2728 77.
1258 2677 1408 2748 Vtrumque
1429 2695 1467 2729 re·
1538 2683 1539 2692 ¹

358 2754 472 2808 inditum
484 2757 509 2809 ei
520 2754 585 2811 sels
598 2753 710 2828 Corytho
719 2767 806 2809 monte
818 2755 891 2824 (hod.
941 2755 996 2826 eepi
1003 2795 1013 2819 ‚
1027 2767 1056 2809 ut
1068 2755 1151 2810 oratio
1169 2757 1251 2810 lenius
1263 2758 1333 2810 444444.
1352 2763 1414 2812 trito
1423 2761 1469 2812 eln-

357 2839 450 2892 Monte
462 2835 571 2907 Com),
595 2838 638 2891 ubi
653 2839 764 2891 enutrite
782 2841 830 2904 444,
850 2837 892 2891 vel
940 2845 1052 2891 44444446.
1071 2845 1110 2893 47.
1135 2845 1174 2893 48.
1190 2843 1296 2892 att-23.
1318 2847 1361 2893 45.
1375 2848 1419 2894 49.
1433 2847 1471 2894 70.
1537 2859 1538 2864 ’

357 2937 374 2970 e
394 2915 523 2988 Corytho,
552 2919 671 2971 Etruriae
692 2919 802 2989 oppido,
823 2919 891 2990 quod
942 2925 983 2974 75.
994 2928 1034 2976 76.
1049 2927 1089 2976 st.
1104 2923 1175 2994 prob.
1189 2923 1264 2976 Heln.
1278 2923 1361 2977 0044
1372 2926 1420 2990 IV,
1431 2931 1470 2978 63.

358 3009 387 3053 et
408 2999 516 3054 Cortum
537 3011 653 3055 vocetur.
671 3019 696 3055 v.
716 3004 806 3072 Heyne
830 3007 889 3058 Ere.
940 3004 1057 3056 4144444444
1074 3011 1116 3059 47.
1134 3007 1283 3060 5844414444
1301 3009 1468 3074 26.-epr‘re-
1536 3073 1537 3078 Ἰ

357 3081 391 3135 ed
409 3083 482 3153 virg.
496 3085 562 3137 Aen.
576 3085 632 3150 444,
648 3090 706 3138 470.
734 3085 785 3137 Sed
798 3085 831 3138 444
845 3104 889 3155 po·
940 3087 984 3137 dia
1000 3089 1107 3155 rectius,
1126 3106 1204 3158 quem
1224 3088 1365 3157 epinlsedia
1379 3100 1407 3143 et
1419 3092 1470 3159 ιμ’-

301 3155 306 3162 ’
356 3163 409 3232 tius
421 3165 470 3234 leg.
481 3165 586 3238 Corythi
602 3168 660 3232 vel,
672 3166 731 3236 quis
745 3167 808 3219 duae
822 3168 890 3237 prio·
939 3168 1043 3231 rlreclies,
1059 3170 1183 3240 seriptum
1196 3171 1223 3222 in
1240 3177 1346 3224 47-20.
1361 3176 1472 3224 23-25.

354 3266 399 3302 res
414 3248 472 3320 eyll.
487 3248 513 3302 lt.
525 3248 544 3304 l.
557 3251 741 3319 producuntur,
760 3249 889 3319 Cortonae,
940 3254 982 3304 27.
1001 3257 1108 3304 46-48.
1126 3259 1169 3318 tt,
1189 3257 1229 3306 58.
1248 3259 1357 3308 64-63.
1372 3260 1417 3308 66.
1433 3259 1473 3307 67.

355 3331 391 3384 de
407 3331 477 3384 euius
493 3341 579 3384 lemen
591 3334 722 3402 generosis
735 3334 807 3403 equis
819 3334 886 3387 haud
940 3338 982 3383 74.
1000 3337 1041 3386 72.
1056 3340 1096 3385 74.
1110 3339 1151 3386 76.
1167 3351 1228 3386 narn
1237 3333 1360 3396 Romani,
1376 3345 1408 3388 444
1419 3353 1472 3400 vet·

358 3413 503 3486 quidquem
515 3413 599 3484 legere
616 3416 733 3468 memini.
754 3415 850 3489 Corsse
866 3425 888 3469 4.
939 3413 977 3466 bis
989 3413 1098 3482 Quintil.
1113 3419 1174 3469 lnsl.
1192 3416 1239 3468 Or.
1257 3417 1276 3470 l.
1296 3422 1320 3468 5.
1339 3421 1385 3469 56.
1406 3428 1470 3481 ntae,

354 3495 400 3548 vel
424 3513 455 3548 ex
473 3496 575 3551 emend.
601 3496 729 3550 Sohund.
756 3497 820 3574 Cory
818 3501 888 3572 saei.
932 3498 1021 3566 serere
1038 3498 1102 3549 barro
1117 3517 1204 3550 vooem
1217 3511 1361 3568 antraque
1379 3502 1471 3562 auen,

356 3579 416 3632 Vel.
433 3577 519 3633 Schol.
541 3590 595 3634 ests
617 3579 809 3649 “Coryfizontm
832 3581 888 3650 (vel
938 3579 981 3632 ini
1008 3580 1105 3634 Grecos
1121 3594 1145 3632 et
1162 3581 1225 3634 reda
1247 3583 1286 3649 (v.
1310 3581 1342 3634 sd
1358 3584 1407 3649 111,
1421 3585 1471 3650 40.)

356 3659 571 3734 coryphaeorum)
596 3681 722 3734 equorum
743 3663 771 3715 in
792 3665 887 3717 Achaia
939 3659 1047 3713 Gallica.
1147 3681 1151 3690 ·
1533 3665 1535 3726 l

349 3743 669 3815 manumittente„
972 3752 1116 3815 &privum
1136 3746 1203 3815 conj.
1221 3746 1328 3802 salmas.
1340 3747 1372 3800 ad
1391 3747 1471 3802 Solio.
1533 3743 1535 3791 4

390 3829 581 3894 temptatae.
594 3829 888 3896 Harpittnaeconj.Far·
938 3847 962 3898 p.
976 3835 1017 3882 64.

354 3909 415 3963 nab.
442 3911 513 3981 quod
538 3921 576 3964 est
601 3930 698 3964 nomen
717 3915 776 3982 equi
793 3913 888 3966 curulis
970 3913 1329 3978 69.posels24.-imeribere
1344 3919 1388 3965 77.
1533 3921 1534 3980 l

352 3990 483 4044 Oenomai
497 4009 536 4061 sp.
549 3989 678 4062 Lycophr.
787 4031 788 4034 ,
971 3997 1011 4045 70.
1025 4013 1055 4044 ae
1070 3997 1108 4044 40.
1124 3997 1162 4046 47.
1178 4001 1284 4050 44-47.
1305 4000 1417 4048 stt-24,
1429 3998 1469 4046 45.
1531 3985 1534 4062 l

390 4078 431 4124 64.
450 4071 500 4125 Nr'l
521 4075 565 4124 uti
587 4079 629 4126 45.
651 4080 693 4128 60.
712 4077 887 4149 lii-gloria
936 4090 978 4128 aret
992 4077 1177 4130 sn-dabimm
1193 4098 1239 4146 pro
1252 4079 1364 4130 dedimus
1377 4077 1467 4149 legen·

355 4156 424 4207 nulle
435 4169 470 4208 ese
485 4164 524 4210 43.
543 4163 584 4212 46.
936 4159 1000 4212 dum
1014 4159 1135 4228 putabant
1149 4161 1293 4214 Markland.
1307 4171 1332 4213 el
1346 4160 1467 4215 Dussulx.

390 4245 431 4292 65.
450 4241 563 4294 domnos
581 4255 692 4307 nutare,
711 4244 883 4314 4444444644·
970 4251 1010 4296 74.
1032 4243 1102 4294 vobis
1127 4248 1168 4297 48.
1196 4257 1300 4298 stemma
1323 4264 1372 4317 pro
1388 4249 1467 4323 same
1531 4267 1533 4286 ι

340 4319 406 4373 lus
413 4322 468 4388 τοὺς
475 4323 598 4387 0444444444
609 4327 635 4379 44
644 4327 747 4382 Luciani
757 4331 884 4382 4444444444.
903 4343 908 4353 ’
935 4323 1003 4392 conj.
1020 4323 1116 4378 Iscobs.

356 4420 378 4458 e.
390 4407 430 4457 20.
972 4416 1012 4462 73.
1029 4407 1204 4478 seneenfime
1220 4415 1259 4464 45.
1272 4413 1313 4467 25.
