3078 5494
203 385 384 498 '264

730 389 957 476 aurarius

286 616 545 716 Crediderim,
563 631 629 688 aut
648 618 753 693 tetitri
772 641 991 720 percussum
1011 614 1169 692 verbere
1187 617 1318 694 Circes
1376 649 1380 654 ·

286 739 334 809 Et
355 760 440 808 cum
460 730 663 832 remigibus
685 733 884 833 grunnisse
902 730 1095 836 Elpenora
1115 735 1252 836 porcis.

286 855 377 924 Tam
395 849 503 928 vacui
522 849 652 950 capitis
674 846 857 950 populum
874 847 1040 930 Phaeaca·
1059 851 1235 952 putavit?

287 969 347 1042 Sic
365 965 500 1068 aliquis
519 965 652 1039 merito
673 962 844 1038 nondum
865 965 992 1054 ebrius
1011 983 1049 1052 et
1068 967 1262 1068 minimum
1282 968 1352 1067 qui

181 1078 186 1087 ¹
286 1087 342 1184 De
361 1085 572 1184 Corcyraea
592 1097 769 1154 temetum
786 1079 946 1170 duxerat
964 1108 1084 1155 urna:
1381 1121 1418 1168 25·

287 1198 396 1275 Solus
416 1199 516 1292 enim
536 1197 608 1290 hoc
627 1197 775 1271 Ithacus
794 1195 903 1274 nullo
922 1199 991 1274 sub
1010 1214 1104 1274 teste
1122 1195 1291 1274 canebat.

337 1315 413 1390 Nos
434 1313 604 1387 miranda
622 1312 794 1412 quidem,
811 1311 878 1388 scd
895 1340 1019 1418 nuper
1038 1311 1201 1406 Consule
1218 1315 1328 1392 Iunio
1415 1325 1419 1330 ’

288 1433 401 1504 Gesta
420 1455 536 1533 super
554 1427 700 1502 calidae
721 1429 926 1506 referemus
947 1433 1094 1504 moenia
1112 1432 1220 1532 Copti
1231 1458 1241 1520 ;

287 1549 364 1622 Nos
383 1543 484 1647 vulgi
504 1544 624 1620 scelus
644 1547 846 1621 escariotis
866 1549 1037 1650 graviora
1055 1545 1260 1621 cothurnis.

288 1664 379 1756 Nam
392 1659 511 1736 scelus
524 1661 710 1764 aPyrrha,
721 1669 949 1765 qitamquam
960 1665 1085 1737 omnia
1096 1677 1258 1765 syrmata
1269 1656 1407 1747 volvaS,

289 1776 424 1852 Nullus
444 1777 547 1880 apud
567 1781 729 1880 tragicos
747 1778 912 1884 populus
932 1777 1033 1854 facit.
1051 1780 1210 1882 Accipe,
1231 1793 1360 1854 nostro
1374 1815 1404 1860 3.

289 1897 380 1968 Dira
398 1893 505 1997 quod
521 1895 733 1998 exemplum
750 1896 879 1972 feritas
899 1897 1124 2001 produxerit
1142 1921 1245 1972 aevo.
1278 1908 1279 1917 ’

338 2013 444 2086 later
462 2010 637 2088 finitimos
655 2029 762 2094 vetus
781 2029 897 2116 atque
917 2017 1072 2117 antiqua
1093 2011 1284 2102 simultas,

289 2113 502 2202 immortale
521 2127 649 2202 odium
669 2145 708 2202 et
724 2155 930 2230 numquam
948 2128 1114 2250 sanabile
1133 2127 1269 2205 vulnus

291 2241 408 2348 Ardet
427 2241 550 2318 adhuc
568 2245 707 2348 Coptos
726 2261 764 2318 et
781 2245 974 2355 Tempu:
995 2269 1157 2322 summus
1173 2245 1365 2350 utrimque
1377 2279 1412 2326 35

292 2524 377 2565 sones.
385 2513 451 2565 Nam
475 2511 585 2583 Cyaneis
598 2522 636 2566 est
648 2491 720 2566 nom.
733 2513 825 2568 adiect.

875 2523 1006 2577 metrum;
1026 2531 1087 2566 nam
1099 2510 1196 2582 priores
1209 2507 1269 2582 syll.
1285 2512 1356 2565 cocis
1367 2525 1414 2563 te-

293 2597 459 2663 (V.Comm.)
486 2607 513 2648 et
541 2617 592 2650 vox
621 2609 743 2668 quatuor,
772 2615 828 2668 non!
876 2595 1163 2680 metumprodtrcunttrr.
1314 2653 1326 2680 ⁸

292 2678 373 2734 trium
387 2678 553 2751 syllabarum,
562 2699 671 2750 quarum
680 2691 706 2734 et
716 2681 827 2736 secunda
911 2682 953 2731 26.
963 2677 1025 2730 leoco
1041 2681 1080 2731 42.
1090 2682 1129 2728 tr.
1146 2683 1186 2729 49.
1195 2681 1235 2729 24.
1250 2679 1290 2728 22.
1301 2681 1343 2752 45.1
1393 2684 1398 2692 ’
1414 2715 1420 2724 .

292 2770 318 2814 et
334 2764 409 2814 tertia
425 2760 511 2815 brevis
531 2773 578 2816 est.
595 2761 706 2814 Sicaueis
720 2763 826 2816 emend.

293 2843 421 2898 Schrader
431 2845 551 2899 audacter
559 2847 690 2916 invitaque
697 2849 827 2911 Minerva,

293 2937 320 2981 et
342 2949 406 2982 saxa
428 2928 532 3000 Cymaea
548 2931 712 3000 Daasqueius
729 2931 760 2984 ad
780 2931 826 2984 sit.

294 3014 365 3074 xlv,
378 3019 434 3074 5⁴5·
449 3032 505 3084 pag.
523 3018 582 3068 628.
598 3024 687 3068 contra
701 3015 781 3072 metri.
795 3014 829 3080 le·

293 3114 338 3168 ges
347 3105 377 3150 -et
388 3093 548 3165 κακοφῶνως.
557 3097 681 3164 -plcuos
698 3097 741 3148 vel
755 3101 796 3148 24.

327 3183 367 3232 22.
388 3181 501 3249 garrisse
521 3187 561 3238 46,
589 3188 628 3234 47.
653 3187 693 3232 544.
722 3187 763 3232 60.
786 3185 827 3234 64.

294 3265 405 3332 gtittttt'tc
419 3270 460 3314 43.

329 3351 371 3398 24.
384 3346 436 3398 Hic
451 3350 492 3399 2⁰.

910 2765 954 2814 27.
964 2779 986 2812 v.
997 2761 1102 2814 Excute.
1117 2759 1149 2812 ad
1163 2759 1189 2812 h.
1200 2759 1217 2813 l.

910 2848 952 2896 28.
966 2843 1046 2895 Facta
1059 2841 1239 2896 20.-—Combt‘
1252 2847 1293 2894 24.
1308 2839 1416 2912 Compei

878 2929 919 2978 22,
931 2925 1023 2980 Coctae
1039 2933 1079 2980 ⁴9.
1089 2926 1161 2998 Ccpti
1176 2931 1217 2995 23.
1233 2927 1276 2978 Cs.
1286 2925 1319 2980 ad
1330 2944 1356 2993 4.
1369 2931 1417 2979 35-

911 3015 953 3064 29.
962 3012 1053 3064 scelera
1070 3015 1093 3064 2.
1104 3011 1170 3064 sorte
1182 3012 1283 3076 rectius.

913 3101 953 3146 34.
967 3096 1073 3164 populor
1089 3102 1129 3148 46.

912 3185 954 3232 32.
965 3181 1083 3249 produxit
1099 3183 1125 3231 iu
1139 3199 1200 3233 aevo
1214 3187 1254 3232 43.
1268 3183 1310 3231 22.

913 3269 956 3316 33.
966 3265 1033 3315 luter
1043 3265 1168 3336 finitimas
1180 3283 1214 3316 sc.
1227 3261 1417 3316 urbcsernend.

879 3345 988 3400 Salmas.
998 3351 1085 3400 Exere.
1096 3347 1161 3400 Plio.
1169 3369 1193 3417 p.
1201 3355 1260 3400 447.
1273 3346 1324 3400 Sed
1333 3346 1417 3416 iunge

329 3435 371 3482 25.
386 3435 472 3508 tenuat
491 3427 558 3498 (scil.
576 3434 703 3483 minimum
728 3452 751 3484 v.
773 3433 828 3501 24.)
879 3437 943 3484 iuter
956 3432 1078 3503 finiamus
1097 3431 1189 3502 (ltptos
1202 3444 1226 3484 ct
1243 3433 1357 3500 Tortyra

294 3523 371 3578 recte,
378 3513 479 3582 opinor,
487 3514 734 3577 ernendschradcr,
749 3515 828 3566 idem·

914 3523 955 3583 st,
971 3529 993 3567 rt
1006 3515 1077 3569 deest
1094 3521 1131 3568 49.
1141 3511 1296 3568 -satiabile
1306 3522 1346 3568 43.
1357 3514 1419 3584 Ego

295 3614 345 3664 que
358 3607 384 3650 et
397 3596 472 3649 nohis
491 3599 517 3650 in
533 3607 649 3650 mantem
664 3597 830 3653 verrit-Huc
879 3599 963 3668 potius
987 3617 1091 3652 versum
1122 3601 1192 3654 hunc
1220 3617 1335 3670 pannum
1359 3615 1426 3662 esse,

294 3697 347 3732 non
366 3679 496 3732 refellitur
515 3678 607 3733 saltam
622 3681 746 3752 exemplis
771 3684 826 3734 lau·

880 3679 1034 3750 crediderim
1040 3721 1050 3746 ,
1065 3703 1080 3735 a
1093 3682 1264 3736 versificatore
1276 3683 1364 3752 aliquo
1376 3701 1419 3734 as·

296 3763 361 3816 datis
378 3763 410 3817 ab
432 3763 509 3816 Heia.
525 3763 569 3832 qui
591 3782 722 3834 perperam
743 3764 830 3834 iungit
880 3775 977 3819 autum.
1004 3770 1113 3820 Causam
1129 3785 1179 3819 oon
1195 3769 1319 3834 expiscari
1332 3774 1422 3835 potest¹

296 3847 400 3899 multum
422 3847 540 3900 lacrimas
555 3847 599 3918 ἐρ.
621 3847 693 3918 Virg.
712 3849 775 3900 Aen.
787 3851 830 3912 tlt,

297 3932 354 3985 343.
379 3945 498 4002 walum
515 3933 585 4005 fides
609 3951 646 4002 ap.
668 3931 725 3984 Liv.
746 3935 767 3998 l,
790 3940 830 3987 46.

298 4025 363 4070 extr.
377 4013 434 4084 (ubi
449 4017 553 4070 Ducker
566 4015 599 4068 ita
613 4015 752 4087 legendam
767 4035 828 4068 cert·

245 4097 247 4101 ’
298 4099 380 4168 sabat)
391 4111 417 4152 et
429 4099 533 4153 similia.
543 4129 572 4140 -
581 4102 706 4153 diduxerit
722 4107 762 4154 46.
788 4103 830 4154 dc·

299 4183 395 4234 ‹tm-crit
416 4189 457 4237 42.
483 4191 521 4236 43,
543 4184 679 4236 detloxrrat
704 4189 779 4238 2-4,
806 4193 830 4238 l.

300 4277 342 4317 tt.
358 4275 397 4320 45.
413 4275 453 4320 47.
478 4272 585 4322 49-22.
598 4272 707 4324 24-27.
721 4275 831 4322 45-49.

881 3851 958 3904 Heia.
983 3851 1050 3919 Quia
1069 3851 1258 3922 ταυτολογι-κῶς
1275 3849 1419 3904 dictasunt

883 3946 949 3986 octus
955 3971 965 3995 ,
976 3936 1078 4002 atttiqua
1084 3969 1094 3998 ,
1107 3933 1264 3994 inmortale,
1281 3950 1419 4001 hamram

881 4017 1006 4081 ruratio,
1019 4027 1047 4070 ut
1064 4029 1089 4071 ct
1103 4019 1228 4082 simultas,
1242 4017 1347 4078 adum,
1359 4015 1420 4067 vul-

881 4122 934 4156 urs.

916 4192 957 4239 ³5.
982 4204 1009 4236 v.
1028 4184 1172 4240 Excursad
1194 4183 1221 4238 h.
1238 4185 1256 4238 l.
1272 4213 1303 4225 -
1318 4184 1417 4237 Monu-

883 4281 970 4321 meuta
984 4271 1086 4323 residua
1103 4271 1224 4340 Tamyris
1245 4279 1271 4322 et
1292 4269 1372 4338 Copti
1391 4289 1419 4322 a.

301 4357 341 4403 55.
358 4355 466 4402 57—60.
482 4357 524 4404 65.
548 4355 588 4404 66.
615 4360 642 4404 et
662 4366 754 4405 omues
777 4353 832 4404 sere
883 4357 909 4406 ia
923 4355 1111 4426 “Descriptiou
1124 4355 1157 4409 de
1173 4353 1308 4426 l’Egypte,
1321 4372 1355 4404 ou
1370 4355 1421 4404 ua-

300 4433 375 4513 codd.
390 4434 466 4489 Paris.
476 4447 564 4490 contra
581 4455 657 4490 usum
670 4436 793 4508 loquendi
809 4448 834 4512 et
884 4436 951 4490 cueil
964 4436 1008 4491 des
1019 4433 1244 4491 Observatious’ct
1257 4433 1302 4487 das
1312 4434 1423 4488 ttcclur·
