<?xml version="1.0" encoding="UTF-8"?>
<!DOCTYPE html PUBLIC "-//W3C//DTD XHTML 1.0 Transitional//EN"
    "http://www.w3.org/TR/xhtml1/DTD/xhtml1-transitional.dtd">
<html xmlns="http://www.w3.org/1999/xhtml" xml:lang="en" lang="en">
 <head>
  <title>
</title>
<meta http-equiv="Content-Type" content="text/html;charset=utf-8" />
  <meta name='ocr-system' content='tesseract 3.04.00' />
  <meta name='ocr-capabilities' content='ocr_page ocr_carea ocr_par ocr_line ocrx_word'/>
</head>
<body>
  <div class='ocr_page' id='page_1' title='image "./diuniiiuvenalis00persgoog_0528.png"; bbox 0 0 3120 5494; ppageno 0'>
   <div class='ocr_carea' id='block_1_1' title="bbox 312 349 937 444">
    <p class='ocr_par' dir='ltr' id='par_1_1' title="bbox 312 349 937 444">
     <span class='ocr_line' id='line_1_1' title="bbox 312 349 937 444; baseline 0.003 -2"><span class='ocrx_word' id='word_1_1' title='bbox 312 349 403 442; x_wconf 82' lang='lat'><strong>380</strong></span> <span class='ocrx_word' id='word_1_2' title='bbox 767 361 937 444; x_wconf 58' lang='lat' dir='ltr'><strong>:rursu</strong></span> 
     </span>
    </p>
   </div>
   <div class='ocr_carea' id='block_1_2' title="bbox 208 580 1432 2170">
    <p class='ocr_par' dir='ltr' id='par_1_2' title="bbox 208 580 1432 2170">
     <span class='ocr_line' id='line_1_2' title="bbox 303 580 1432 691; baseline 0.008 -36"><span class='ocrx_word' id='word_1_3' title='bbox 303 585 449 688; x_wconf 84' lang='lat' dir='ltr'><strong>Iupiter</strong></span> <span class='ocrx_word' id='word_1_4' title='bbox 466 581 558 656; x_wconf 88' lang='lat' dir='ltr'><strong>haec</strong></span> <span class='ocrx_word' id='word_1_5' title='bbox 580 580 658 674; x_wconf 91' lang='lat' dir='ltr'><strong>illi,</strong></span> <span class='ocrx_word' id='word_1_6' title='bbox 680 583 848 685; x_wconf 77' lang='lat' dir='ltr'><strong>quamtis</strong></span> <span class='ocrx_word' id='word_1_7' title='bbox 865 602 903 658; x_wconf 93' lang='lat' dir='ltr'><strong>te</strong></span> <span class='ocrx_word' id='word_1_8' title='bbox 924 583 1047 662; x_wconf 83' lang='lat' dir='ltr'><strong>albata</strong></span> <span class='ocrx_word' id='word_1_9' title='bbox 1068 591 1222 691; x_wconf 81' lang='lat' dir='ltr'><strong>rogarit.</strong></span> <span class='ocrx_word' id='word_1_10' title='bbox 1270 597 1273 604; x_wconf 71' lang='grc'>“</span> <span class='ocrx_word' id='word_1_11' title='bbox 1309 602 1326 634; x_wconf 84' lang='lat'><strong>·‘</strong></span> <span class='ocrx_word' id='word_1_12' title='bbox 1394 629 1432 676; x_wconf 77' lang='lat'><strong>40</strong></span> 
     </span>
     <span class='ocr_line' id='line_1_3' title="bbox 353 699 1322 804; baseline 0.009 -33"><span class='ocrx_word' id='word_1_13' title='bbox 353 701 478 774; x_wconf 90' lang='lat' dir='ltr'><strong>Poscis</strong></span> <span class='ocrx_word' id='word_1_14' title='bbox 497 725 608 803; x_wconf 88' lang='lat' dir='ltr'><strong>opem</strong></span> <span class='ocrx_word' id='word_1_15' title='bbox 627 700 752 776; x_wconf 87' lang='lat' dir='ltr'><strong>nervis</strong></span> <span class='ocrx_word' id='word_1_16' title='bbox 773 725 988 804; x_wconf 84' lang='lat' dir='ltr'><strong>corpusque</strong></span> <span class='ocrx_word' id='word_1_17' title='bbox 1008 699 1119 776; x_wconf 87' lang='lat' dir='ltr'><strong>fidele</strong></span> <span class='ocrx_word' id='word_1_18' title='bbox 1137 721 1322 782; x_wconf 79' lang='lat' dir='ltr'><strong>senectae.</strong></span> 
     </span>
     <span class='ocr_line' id='line_1_4' title="bbox 304 813 1325 922; baseline 0.01 -36"><span class='ocrx_word' id='word_1_19' title='bbox 304 816 416 908; x_wconf 90' lang='lat' dir='ltr'><strong>Esto,</strong></span> <span class='ocrx_word' id='word_1_20' title='bbox 435 842 529 918; x_wconf 79' lang='lat' dir='ltr'><strong>age:</strong></span> <span class='ocrx_word' id='word_1_21' title='bbox 547 813 613 890; x_wconf 89' lang='lat' dir='ltr'><strong>sed</strong></span> <span class='ocrx_word' id='word_1_22' title='bbox 631 815 793 918; x_wconf 82' lang='lat' dir='ltr'><strong>grandes</strong></span> <span class='ocrx_word' id='word_1_23' title='bbox 811 819 963 920; x_wconf 86' lang='lat' dir='ltr'><strong>patinae</strong></span> <span class='ocrx_word' id='word_1_24' title='bbox 983 835 1187 922; x_wconf 84' lang='lat' dir='ltr'><strong>tucetnque</strong></span> <span class='ocrx_word' id='word_1_25' title='bbox 1201 847 1325 898; x_wconf 80' lang='lat' dir='ltr'><strong>crassa</strong></span> 
     </span>
     <span class='ocr_line' id='line_1_5' title="bbox 302 930 1393 1038; baseline 0.008 -33"><span class='ocrx_word' id='word_1_26' title='bbox 302 930 481 1006; x_wconf 85' lang='lat' dir='ltr'><strong>Adnuere</strong></span> <span class='ocrx_word' id='word_1_27' title='bbox 500 931 556 1006; x_wconf 93' lang='lat' dir='ltr'><strong>his</strong></span> <span class='ocrx_word' id='word_1_28' title='bbox 575 931 744 1036; x_wconf 88' lang='lat' dir='ltr'><strong>Superos</strong></span> <span class='ocrx_word' id='word_1_29' title='bbox 764 949 938 1025; x_wconf 87' lang='lat' dir='ltr'><strong>vetuere,</strong></span> <span class='ocrx_word' id='word_1_30' title='bbox 959 934 1163 1038; x_wconf 87' lang='lat' dir='ltr'><strong>Iovemque</strong></span> <span class='ocrx_word' id='word_1_31' title='bbox 1181 956 1393 1016; x_wconf 85' lang='lat' dir='ltr'><strong>morantur.</strong></span> 
     </span>
     <span class='ocr_line' id='line_1_6' title="bbox 208 1047 1376 1166; baseline 0.008 -47"><span class='ocrx_word' id='word_1_32' title='bbox 208 1143 219 1166; x_wconf 36' lang='lat'><em>⁶</em></span> <span class='ocrx_word' id='word_1_33' title='bbox 353 1049 446 1120; x_wconf 92' lang='lat' dir='ltr'><strong>Rem</strong></span> <span class='ocrx_word' id='word_1_34' title='bbox 463 1063 609 1121; x_wconf 87' lang='lat' dir='ltr'><strong>struere</strong></span> <span class='ocrx_word' id='word_1_35' title='bbox 630 1064 786 1151; x_wconf 84' lang='lat' dir='ltr'><strong>exoptas</strong></span> <span class='ocrx_word' id='word_1_36' title='bbox 806 1071 914 1124; x_wconf 87' lang='lat' dir='ltr'><strong>caeso</strong></span> <span class='ocrx_word' id='word_1_37' title='bbox 932 1047 1045 1140; x_wconf 86' lang='lat' dir='ltr'><strong>bove,</strong></span> <span class='ocrx_word' id='word_1_38' title='bbox 1064 1051 1376 1156; x_wconf 85' lang='lat' dir='ltr'><strong>Mercuriumque</strong></span> 
     </span>
     <span class='ocr_line' id='line_1_7' title="bbox 286 1161 1431 1270; baseline 0.006 -35"><span class='ocrx_word' id='word_1_39' title='bbox 286 1164 465 1256; x_wconf 29' lang='lat' dir='ltr'><strong>&#39;Arcessis</strong></span> <span class='ocrx_word' id='word_1_40' title='bbox 482 1161 600 1238; x_wconf 85' lang='lat' dir='ltr'><strong>fibra:</strong></span> <span class='ocrx_word' id='word_1_41' title='bbox 619 1165 674 1240; x_wconf 81' lang='lat' dir='ltr'><strong>Da</strong></span> <span class='ocrx_word' id='word_1_42' title='bbox 696 1163 895 1240; x_wconf 81' lang='lat' dir='ltr'><strong>fortunare</strong></span> <span class='ocrx_word' id='word_1_43' title='bbox 916 1169 1098 1270; x_wconf 75' lang='lat' dir='ltr'><strong>penates!</strong></span> <span class='ocrx_word' id='word_1_44' title='bbox 1174 1169 1179 1176; x_wconf 85' lang='lat'>&#39;</span> <span class='ocrx_word' id='word_1_45' title='bbox 1396 1207 1431 1256; x_wconf 74' lang='lat'><strong>45</strong></span> 
     </span>
     <span class='ocr_line' id='line_1_8' title="bbox 301 1279 1359 1390; baseline 0.009 -38"><span class='ocrx_word' id='word_1_46' title='bbox 301 1283 356 1353; x_wconf 86' lang='lat' dir='ltr'><strong>Da</strong></span> <span class='ocrx_word' id='word_1_47' title='bbox 375 1305 504 1385; x_wconf 81' lang='lat' dir='ltr'><strong>pecus,</strong></span> <span class='ocrx_word' id='word_1_48' title='bbox 515 1297 553 1354; x_wconf 89' lang='lat' dir='ltr'><strong>et</strong></span> <span class='ocrx_word' id='word_1_49' title='bbox 572 1279 747 1384; x_wconf 83' lang='lat' dir='ltr'><strong>gregibus</strong></span> <span class='ocrx_word' id='word_1_50' title='bbox 767 1280 901 1358; x_wconf 79' lang='lat' dir='ltr'><strong>fetum!</strong></span> <span class='ocrx_word' id='word_1_51' title='bbox 919 1307 1010 1386; x_wconf 89' lang='lat' dir='ltr'><strong>quo,</strong></span> <span class='ocrx_word' id='word_1_52' title='bbox 1032 1285 1204 1386; x_wconf 73' lang='lat' dir='ltr'><strong>pessime,</strong></span> <span class='ocrx_word' id='word_1_53' title='bbox 1223 1301 1359 1390; x_wconf 88' lang='lat' dir='ltr'><strong>pacto,</strong></span> 
     </span>
     <span class='ocr_line' id='line_1_9' title="bbox 302 1395 1430 1506; baseline 0.008 -37"><span class='ocrx_word' id='word_1_54' title='bbox 302 1397 377 1472; x_wconf 87' lang='lat' dir='ltr'><strong>Tot</strong></span> <span class='ocrx_word' id='word_1_55' title='bbox 395 1396 462 1470; x_wconf 89' lang='lat' dir='ltr'><strong>tibi</strong></span> <span class='ocrx_word' id='word_1_56' title='bbox 481 1425 599 1500; x_wconf 87' lang='lat' dir='ltr'><strong>quum</strong></span> <span class='ocrx_word' id='word_1_57' title='bbox 615 1401 654 1472; x_wconf 91' lang='lat' dir='ltr'><strong>in</strong></span> <span class='ocrx_word' id='word_1_58' title='bbox 666 1395 822 1474; x_wconf 85' lang='lat' dir='ltr'><strong>llammis</strong></span> <span class='ocrx_word' id='word_1_59' title='bbox 840 1399 1009 1474; x_wconf 88' lang='lat' dir='ltr'><strong>iunicum</strong></span> <span class='ocrx_word' id='word_1_60' title='bbox 1028 1419 1177 1476; x_wconf 87' lang='lat' dir='ltr'><strong>omenta</strong></span> <span class='ocrx_word' id='word_1_61' title='bbox 1191 1401 1430 1506; x_wconf 77' lang='lat' dir='ltr'><strong>liquescant?</strong></span> 
     </span>
     <span class='ocr_line' id='line_1_10' title="bbox 245 1513 1185 1636; baseline 0.006 -50"><span class='ocrx_word' id='word_1_62' title='bbox 245 1615 254 1636; x_wconf 33' lang='lat'><em>⁶</em></span> <span class='ocrx_word' id='word_1_63' title='bbox 301 1515 352 1586; x_wconf 90' lang='lat' dir='ltr'><strong>Et</strong></span> <span class='ocrx_word' id='word_1_64' title='bbox 369 1530 494 1587; x_wconf 86' lang='lat' dir='ltr'><strong>tamen</strong></span> <span class='ocrx_word' id='word_1_65' title='bbox 514 1513 575 1587; x_wconf 90' lang='lat' dir='ltr'><strong>hic</strong></span> <span class='ocrx_word' id='word_1_66' title='bbox 594 1517 687 1590; x_wconf 81' lang='lat' dir='ltr'><strong>extis</strong></span> <span class='ocrx_word' id='word_1_67' title='bbox 707 1531 746 1590; x_wconf 88' lang='lat' dir='ltr'><strong>et</strong></span> <span class='ocrx_word' id='word_1_68' title='bbox 765 1517 893 1622; x_wconf 89' lang='lat' dir='ltr'><strong>opimo</strong></span> <span class='ocrx_word' id='word_1_69' title='bbox 910 1518 1063 1591; x_wconf 81' lang='lat' dir='ltr'><strong>vincere</strong></span> <span class='ocrx_word' id='word_1_70' title='bbox 1083 1516 1185 1592; x_wconf 87' lang='lat' dir='ltr'><strong>ferto</strong></span> 
     </span>
     <span class='ocr_line' id='line_1_11' title="bbox 302 1675 1428 1751; baseline 0.004 -21"><span class='ocrx_word' id='word_1_71' title='bbox 302 1677 364 1730; x_wconf 88' lang='lat' dir='ltr'><strong>inde</strong></span> <span class='ocrx_word' id='word_1_72' title='bbox 378 1680 406 1732; x_wconf 88' lang='lat' dir='ltr'><strong>Iit</strong></span> <span class='ocrx_word' id='word_1_73' title='bbox 421 1675 574 1749; x_wconf 77' lang='lat' dir='ltr'><strong>simplicior.</strong></span> <span class='ocrx_word' id='word_1_74' title='bbox 597 1679 663 1732; x_wconf 82' lang='lat' dir='ltr'><strong>Aria</strong></span> <span class='ocrx_word' id='word_1_75' title='bbox 680 1691 725 1734; x_wconf 90' lang='lat' dir='ltr'><strong>aut</strong></span> <span class='ocrx_word' id='word_1_76' title='bbox 742 1690 840 1734; x_wconf 86' lang='lat' dir='ltr'><strong>mater·</strong></span> <span class='ocrx_word' id='word_1_77' title='bbox 927 1687 969 1736; x_wconf 75' lang='lat'><strong>43.</strong></span> <span class='ocrx_word' id='word_1_78' title='bbox 980 1681 1034 1745; x_wconf 87' lang='lat' dir='ltr'><strong>lsis,</strong></span> <span class='ocrx_word' id='word_1_79' title='bbox 1049 1682 1115 1734; x_wconf 79' lang='lat' dir='ltr'><strong>votis</strong></span> <span class='ocrx_word' id='word_1_80' title='bbox 1126 1679 1185 1737; x_wconf 86' lang='lat' dir='ltr'><strong>tuis.</strong></span> <span class='ocrx_word' id='word_1_81' title='bbox 1198 1693 1343 1744; x_wconf 71' lang='lat' dir='ltr'><strong>moemnr,</strong></span> <span class='ocrx_word' id='word_1_82' title='bbox 1356 1680 1428 1751; x_wconf 89' lang='lat' dir='ltr'><strong>inpe-</strong></span> 
     </span>
     <span class='ocr_line' id='line_1_12' title="bbox 302 1759 1430 1836; baseline 0.001 -22"><span class='ocrx_word' id='word_1_83' title='bbox 302 1775 357 1816; x_wconf 74' lang='lat' dir='ltr'><strong>tere</strong></span> <span class='ocrx_word' id='word_1_84' title='bbox 375 1761 419 1814; x_wconf 88' lang='lat' dir='ltr'><strong>illa</strong></span> <span class='ocrx_word' id='word_1_85' title='bbox 434 1763 541 1830; x_wconf 84' lang='lat' dir='ltr'><strong>quidem</strong></span> <span class='ocrx_word' id='word_1_86' title='bbox 558 1783 639 1836; x_wconf 89' lang='lat' dir='ltr'><strong>puero</strong></span> <span class='ocrx_word' id='word_1_87' title='bbox 652 1775 781 1836; x_wconf 86' lang='lat' dir='ltr'><strong>precatur,</strong></span> <span class='ocrx_word' id='word_1_88' title='bbox 794 1764 842 1820; x_wconf 88' lang='lat' dir='ltr'><strong>sed</strong></span> <span class='ocrx_word' id='word_1_89' title='bbox 893 1760 984 1827; x_wconf 85' lang='lat' dir='ltr'><strong>diunt,</strong></span> <span class='ocrx_word' id='word_1_90' title='bbox 997 1759 1137 1834; x_wconf 76' lang='lat' dir='ltr'><strong>quominus</strong></span> <span class='ocrx_word' id='word_1_91' title='bbox 1149 1761 1195 1816; x_wconf 89' lang='lat' dir='ltr'><strong>tibi</strong></span> <span class='ocrx_word' id='word_1_92' title='bbox 1210 1761 1293 1816; x_wconf 80' lang='lat' dir='ltr'><strong>lucilia</strong></span> <span class='ocrx_word' id='word_1_93' title='bbox 1304 1780 1358 1815; x_wconf 86' lang='lat' dir='ltr'><strong>esse</strong></span> <span class='ocrx_word' id='word_1_94' title='bbox 1370 1781 1430 1832; x_wconf 83' lang='lat' dir='ltr'><strong>pos-</strong></span> 
     </span>
     <span class='ocr_line' id='line_1_13' title="bbox 302 1843 1430 1915; baseline 0.002 -17"><span class='ocrx_word' id='word_1_95' title='bbox 302 1845 371 1900; x_wconf 88' lang='lat' dir='ltr'><strong>male</strong></span> <span class='ocrx_word' id='word_1_96' title='bbox 392 1845 483 1899; x_wconf 88' lang='lat' dir='ltr'><strong>sedula</strong></span> <span class='ocrx_word' id='word_1_97' title='bbox 508 1847 534 1900; x_wconf 91' lang='lat' dir='ltr'><strong>id</strong></span> <span class='ocrx_word' id='word_1_98' title='bbox 560 1848 622 1902; x_wconf 82' lang='lat' dir='ltr'><strong>lucit</strong></span> <span class='ocrx_word' id='word_1_99' title='bbox 646 1849 747 1902; x_wconf 82' lang='lat' dir='ltr'><strong>iniussu</strong></span> <span class='ocrx_word' id='word_1_100' title='bbox 764 1866 841 1915; x_wconf 87' lang='lat' dir='ltr'><strong>mec,</strong></span> <span class='ocrx_word' id='word_1_101' title='bbox 892 1843 941 1910; x_wconf 79' lang='lat' dir='ltr'><strong>rit,</strong></span> <span class='ocrx_word' id='word_1_102' title='bbox 957 1846 1060 1900; x_wconf 89' lang='lat' dir='ltr'><strong>etiamsi</strong></span> <span class='ocrx_word' id='word_1_103' title='bbox 1080 1845 1152 1900; x_wconf 81' lang='lat' dir='ltr'><strong>velit.</strong></span> <span class='ocrx_word' id='word_1_104' title='bbox 1169 1845 1357 1900; x_wconf 85' lang='lat' dir='ltr'><strong>Seusustotins</strong></span> <span class='ocrx_word' id='word_1_105' title='bbox 1377 1845 1430 1900; x_wconf 85' lang='lat' dir='ltr'><strong>loci</strong></span> 
     </span>
     <span class='ocr_line' id='line_1_14' title="bbox 302 1927 1428 2001; baseline 0.003 -21"><span class='ocrx_word' id='word_1_106' title='bbox 302 1931 397 2000; x_wconf 84' lang='lat' dir='ltr'><strong>quippe</strong></span> <span class='ocrx_word' id='word_1_107' title='bbox 411 1928 454 1999; x_wconf 91' lang='lat' dir='ltr'><strong>qui</strong></span> <span class='ocrx_word' id='word_1_108' title='bbox 468 1945 521 1982; x_wconf 87' lang='lat' dir='ltr'><strong>noa</strong></span> <span class='ocrx_word' id='word_1_109' title='bbox 535 1931 672 2001; x_wconf 83' lang='lat' dir='ltr'><strong>ignorem,</strong></span> <span class='ocrx_word' id='word_1_110' title='bbox 690 1948 763 1996; x_wconf 82' lang='lat' dir='ltr'><strong>eam,</strong></span> <span class='ocrx_word' id='word_1_111' title='bbox 777 1949 842 2001; x_wconf 85' lang='lat' dir='ltr'><strong>qnae</strong></span> <span class='ocrx_word' id='word_1_112' title='bbox 892 1940 945 1984; x_wconf 87' lang='lat' dir='ltr'><strong>est:</strong></span> <span class='ocrx_word' id='word_1_113' title='bbox 967 1929 1035 1984; x_wconf 90' lang='lat' dir='ltr'><strong>Gula</strong></span> <span class='ocrx_word' id='word_1_114' title='bbox 1053 1940 1098 1984; x_wconf 86' lang='lat' dir='ltr'><strong>tua</strong></span> <span class='ocrx_word' id='word_1_115' title='bbox 1120 1929 1195 1996; x_wconf 77' lang='lat' dir='ltr'><strong>iecit,</strong></span> <span class='ocrx_word' id='word_1_116' title='bbox 1218 1929 1357 2000; x_wconf 81' lang='lat' dir='ltr'><strong>quominus</strong></span> <span class='ocrx_word' id='word_1_117' title='bbox 1373 1927 1428 1983; x_wconf 78' lang='lat' dir='ltr'><strong>voti</strong></span> 
     </span>
     <span class='ocr_line' id='line_1_15' title="bbox 268 2011 1033 2079; baseline -0.003 -11"><span class='ocrx_word' id='word_1_118' title='bbox 268 2021 271 2027; x_wconf 71' lang='grc'>“</span> <span class='ocrx_word' id='word_1_119' title='bbox 301 2033 364 2068; x_wconf 81' lang='lat' dir='ltr'><strong>vera</strong></span> <span class='ocrx_word' id='word_1_120' title='bbox 381 2013 650 2079; x_wconf 86' lang='lat' dir='ltr'><strong>bonasint,nescire.</strong></span> <span class='ocrx_word' id='word_1_121' title='bbox 892 2011 1033 2066; x_wconf 82' lang='lat' dir='ltr'><strong>damneris.</strong></span> 
     </span>
     <span class='ocr_line' id='line_1_16' title="bbox 335 2095 1429 2170; baseline -0.001 -20"><span class='ocrx_word' id='word_1_122' title='bbox 335 2105 378 2152; x_wconf 77' lang='lat'><strong>40.</strong></span> <span class='ocrx_word' id='word_1_123' title='bbox 396 2111 487 2168; x_wconf 76' lang='lat' dir='ltr'><strong>uagam</strong></span> <span class='ocrx_word' id='word_1_124' title='bbox 508 2099 605 2169; x_wconf 79' lang='lat' dir='ltr'><strong>Iupiter</strong></span> <span class='ocrx_word' id='word_1_125' title='bbox 617 2101 677 2154; x_wconf 75' lang='lat' dir='ltr'><strong>duee</strong></span> <span class='ocrx_word' id='word_1_126' title='bbox 690 2101 748 2164; x_wconf 85' lang='lat' dir='ltr'><strong>illi,</strong></span> <span class='ocrx_word' id='word_1_127' title='bbox 761 2101 840 2154; x_wconf 83' lang='lat' dir='ltr'><strong>subli-</strong></span> <span class='ocrx_word' id='word_1_128' title='bbox 925 2102 1034 2152; x_wconf 80' lang='lat' dir='ltr'><strong>as-st.</strong></span> <span class='ocrx_word' id='word_1_129' title='bbox 1048 2097 1171 2167; x_wconf 78' lang='lat' dir='ltr'><strong>Sequitur</strong></span> <span class='ocrx_word' id='word_1_130' title='bbox 1190 2095 1261 2150; x_wconf 86' lang='lat' dir='ltr'><strong>aliud</strong></span> <span class='ocrx_word' id='word_1_131' title='bbox 1278 2097 1429 2170; x_wconf 80' lang='lat' dir='ltr'><strong>exemplum</strong></span> 
     </span>
    </p>
   </div>
   <div class='ocr_carea' id='block_1_3' title="bbox 301 2181 1447 2342">
    <p class='ocr_par' dir='ltr' id='par_1_3' title="bbox 301 2181 1447 2342">
     <span class='ocr_line' id='line_1_17' title="bbox 302 2181 1447 2266; baseline 0.002 -32"><span class='ocrx_word' id='word_1_132' title='bbox 302 2181 353 2236; x_wconf 85' lang='lat' dir='ltr'><strong>ciat</strong></span> <span class='ocrx_word' id='word_1_133' title='bbox 366 2183 492 2254; x_wconf 78' lang='lat' dir='ltr'><strong>proinde,</strong></span> <span class='ocrx_word' id='word_1_134' title='bbox 516 2184 628 2254; x_wconf 82' lang='lat' dir='ltr'><strong>Iupiter,</strong></span> <span class='ocrx_word' id='word_1_135' title='bbox 649 2185 730 2240; x_wconf 86' lang='lat' dir='ltr'><strong>semel</strong></span> <span class='ocrx_word' id='word_1_136' title='bbox 747 2195 775 2266; x_wconf 69' lang='lat' dir='ltr'><strong>te</strong></span> <span class='ocrx_word' id='word_1_137' title='bbox 792 2204 837 2238; x_wconf 89' lang='lat' dir='ltr'><strong>ro·</strong></span> <span class='ocrx_word' id='word_1_138' title='bbox 891 2181 923 2234; x_wconf 85' lang='lat' dir='ltr'><strong>ab</strong></span> <span class='ocrx_word' id='word_1_139' title='bbox 935 2181 966 2242; x_wconf 83' lang='lat' dir='ltr'><strong>iis</strong></span> <span class='ocrx_word' id='word_1_140' title='bbox 978 2183 1098 2253; x_wconf 84' lang='lat' dir='ltr'><strong>petitum,</strong></span> <span class='ocrx_word' id='word_1_141' title='bbox 1112 2182 1158 2252; x_wconf 84' lang='lat' dir='ltr'><strong>qui</strong></span> <span class='ocrx_word' id='word_1_142' title='bbox 1169 2181 1335 2264; x_wconf 67' lang='lat' dir='ltr'><strong>amplissimis</strong></span> <span class='ocrx_word' id='word_1_143' title='bbox 1346 2185 1447 2262; x_wconf 35' lang='lat' dir='ltr'><strong>sacri-¹</strong></span> 
     </span>
     <span class='ocr_line' id='line_1_18' title="bbox 301 2264 1429 2342; baseline -0.001 -21"><span class='ocrx_word' id='word_1_144' title='bbox 301 2285 390 2342; x_wconf 54' lang='lat' dir='ltr'><strong>gesse,</strong></span> <span class='ocrx_word' id='word_1_145' title='bbox 413 2277 442 2320; x_wconf 87' lang='lat' dir='ltr'><strong>ut</strong></span> <span class='ocrx_word' id='word_1_146' title='bbox 466 2267 522 2320; x_wconf 87' lang='lat' dir='ltr'><strong>eius</strong></span> <span class='ocrx_word' id='word_1_147' title='bbox 546 2278 669 2321; x_wconf 82' lang='lat' dir='ltr'><strong>votorum</strong></span> <span class='ocrx_word' id='word_1_148' title='bbox 694 2287 840 2340; x_wconf 80' lang='lat' dir='ltr'><strong>numquam</strong></span> <span class='ocrx_word' id='word_1_149' title='bbox 890 2264 954 2318; x_wconf 84' lang='lat' dir='ltr'><strong>ficiis</strong></span> <span class='ocrx_word' id='word_1_150' title='bbox 983 2283 1074 2336; x_wconf 75' lang='lat' dir='ltr'><strong>greges</strong></span> <span class='ocrx_word' id='word_1_151' title='bbox 1098 2283 1158 2320; x_wconf 87' lang='lat' dir='ltr'><strong>suos</strong></span> <span class='ocrx_word' id='word_1_152' title='bbox 1187 2265 1284 2327; x_wconf 79' lang='lat' dir='ltr'><strong>¹volunt</strong></span> <span class='ocrx_word' id='word_1_153' title='bbox 1314 2285 1429 2338; x_wconf 71' lang='lat' dir='ltr'><strong>augere,</strong></span> 
     </span>
    </p>
   </div>
   <div class='ocr_carea' id='block_1_4' title="bbox 182 2347 1431 2430">
    <p class='ocr_par' dir='ltr' id='par_1_4' title="bbox 182 2347 1431 2430">
     <span class='ocr_line' id='line_1_19' title="bbox 182 2347 1431 2430; baseline 0.002 -30"><span class='ocrx_word' id='word_1_154' title='bbox 182 2391 190 2400; x_wconf 91' lang='lat'>.</span> <span class='ocrx_word' id='word_1_155' title='bbox 271 2353 431 2406; x_wconf 69' lang='lat' dir='ltr'><strong>&#39;radonem</strong></span> <span class='ocrx_word' id='word_1_156' title='bbox 445 2351 556 2416; x_wconf 87' lang='lat' dir='ltr'><strong>habeas,</strong></span> <span class='ocrx_word' id='word_1_157' title='bbox 577 2356 689 2423; x_wconf 71' lang='lat' dir='ltr'><strong>quatieris</strong></span> <span class='ocrx_word' id='word_1_158' title='bbox 711 2366 735 2406; x_wconf 85' lang='lat' dir='ltr'><strong>te</strong></span> <span class='ocrx_word' id='word_1_159' title='bbox 756 2355 840 2430; x_wconf 59' lang='lat' dir='ltr'><strong>alima</strong></span> <span class='ocrx_word' id='word_1_160' title='bbox 890 2365 975 2419; x_wconf 78' lang='lat' dir='ltr'><strong>quum</strong></span> <span class='ocrx_word' id='word_1_161' title='bbox 993 2357 1080 2402; x_wconf 88' lang='lat' dir='ltr'><strong>tamen</strong></span> <span class='ocrx_word' id='word_1_162' title='bbox 1101 2367 1154 2402; x_wconf 89' lang='lat' dir='ltr'><strong>non</strong></span> <span class='ocrx_word' id='word_1_163' title='bbox 1172 2349 1251 2418; x_wconf 85' lang='lat' dir='ltr'><strong>possit</strong></span> <span class='ocrx_word' id='word_1_164' title='bbox 1272 2347 1347 2415; x_wconf 76' lang='lat' dir='ltr'><strong>fier-t,</strong></span> <span class='ocrx_word' id='word_1_165' title='bbox 1363 2351 1431 2419; x_wconf 83' lang='lat' dir='ltr'><strong>quin</strong></span> 
     </span>
    </p>
   </div>
   <div class='ocr_carea' id='block_1_5' title="bbox 227 2429 1437 4440">
    <p class='ocr_par' dir='ltr' id='par_1_5' title="bbox 227 2429 1437 4440">
     <span class='ocr_line' id='line_1_20' title="bbox 300 2429 1429 2506; baseline 0.003 -18"><span class='ocrx_word' id='word_1_166' title='bbox 300 2439 413 2506; x_wconf 78' lang='lat' dir='ltr'><strong>rogarit,</strong></span> <span class='ocrx_word' id='word_1_167' title='bbox 428 2437 550 2506; x_wconf 85' lang='lat' dir='ltr'><strong>quamvis</strong></span> <span class='ocrx_word' id='word_1_168' title='bbox 562 2434 764 2506; x_wconf 77' lang='lat' dir='ltr'><strong>religiosissime,</strong></span> <span class='ocrx_word' id='word_1_169' title='bbox 782 2437 844 2490; x_wconf 90' lang='lat' dir='ltr'><strong>riti··</strong></span> <span class='ocrx_word' id='word_1_170' title='bbox 889 2433 944 2502; x_wconf 65' lang='lat' dir='ltr'><strong>ipta</strong></span> <span class='ocrx_word' id='word_1_171' title='bbox 968 2429 1100 2504; x_wconf 71' lang='lat' dir='ltr'><strong>frequenti</strong></span> <span class='ocrx_word' id='word_1_172' title='bbox 1132 2436 1287 2492; x_wconf 64' lang='lat' dir='ltr'><strong>mtchfione</strong></span> <span class='ocrx_word' id='word_1_173' title='bbox 1303 2435 1429 2486; x_wconf 70' lang='lat' dir='ltr'><strong>minuan-</strong></span> 
     </span>
     <span class='ocr_line' id='line_1_21' title="bbox 301 2517 1431 2591; baseline 0.002 -19"><span class='ocrx_word' id='word_1_174' title='bbox 301 2519 349 2572; x_wconf 75' lang='lat' dir='ltr'><strong>lrua</strong></span> <span class='ocrx_word' id='word_1_175' title='bbox 381 2519 520 2590; x_wconf 80' lang='lat' dir='ltr'><strong>diligenter</strong></span> <span class='ocrx_word' id='word_1_176' title='bbox 548 2519 706 2586; x_wconf 80' lang='lat' dir='ltr'><strong>observatis,</strong></span> <span class='ocrx_word' id='word_1_177' title='bbox 734 2523 838 2591; x_wconf 76' lang='lat' dir='ltr'><strong>rogarit.</strong></span> <span class='ocrx_word' id='word_1_178' title='bbox 888 2517 1115 2582; x_wconf 66' lang='lat' dir='ltr'><strong>turrensium,</strong></span> <span class='ocrx_word' id='word_1_179' title='bbox 1132 2535 1213 2586; x_wconf 82' lang='lat' dir='ltr'><strong>seque</strong></span> <span class='ocrx_word' id='word_1_180' title='bbox 1232 2535 1262 2571; x_wconf 87' lang='lat' dir='ltr'><strong>ac</strong></span> <span class='ocrx_word' id='word_1_181' title='bbox 1281 2535 1357 2574; x_wconf 78' lang='lat' dir='ltr'><strong>versu</strong></span> <span class='ocrx_word' id='word_1_182' title='bbox 1374 2537 1431 2588; x_wconf 80' lang='lat' dir='ltr'><strong>seq.</strong></span> 
     </span>
     <span class='ocr_line' id='line_1_22' title="bbox 301 2599 1433 2674; baseline 0.002 -20"><span class='ocrx_word' id='word_1_183' title='bbox 301 2605 385 2656; x_wconf 79' lang='lat' dir='ltr'><strong>allatu</strong></span> <span class='ocrx_word' id='word_1_184' title='bbox 399 2603 470 2654; x_wconf 87' lang='lat' dir='ltr'><strong>enirn</strong></span> <span class='ocrx_word' id='word_1_185' title='bbox 488 2601 520 2655; x_wconf 89' lang='lat' dir='ltr'><strong>ad</strong></span> <span class='ocrx_word' id='word_1_186' title='bbox 545 2601 646 2656; x_wconf 85' lang='lat' dir='ltr'><strong>cultum</strong></span> <span class='ocrx_word' id='word_1_187' title='bbox 667 2614 766 2674; x_wconf 87' lang='lat' dir='ltr'><strong>spectat</strong></span> <span class='ocrx_word' id='word_1_188' title='bbox 780 2613 839 2656; x_wconf 86' lang='lat' dir='ltr'><strong>vota</strong></span> <span class='ocrx_word' id='word_1_189' title='bbox 880 2599 961 2672; x_wconf 81' lang='lat' dir='ltr'><strong>fibris</strong></span> <span class='ocrx_word' id='word_1_190' title='bbox 976 2617 1026 2671; x_wconf 86' lang='lat' dir='ltr'><strong>pro</strong></span> <span class='ocrx_word' id='word_1_191' title='bbox 1043 2601 1175 2656; x_wconf 76' lang='lat' dir='ltr'><strong>sacrificiis</strong></span> <span class='ocrx_word' id='word_1_192' title='bbox 1190 2605 1309 2656; x_wconf 86' lang='lat' dir='ltr'><strong>omnino.</strong></span> <span class='ocrx_word' id='word_1_193' title='bbox 1338 2603 1433 2668; x_wconf 76' lang='lat' dir='ltr'><strong>Ratio,</strong></span> 
     </span>
     <span class='ocr_line' id='line_1_23' title="bbox 299 2683 1434 2751; baseline 0.002 -15"><span class='ocrx_word' id='word_1_194' title='bbox 299 2686 450 2742; x_wconf 77' lang='lat' dir='ltr'><strong>facientium</strong></span> <span class='ocrx_word' id='word_1_195' title='bbox 469 2697 513 2738; x_wconf 89' lang='lat' dir='ltr'><strong>aut</strong></span> <span class='ocrx_word' id='word_1_196' title='bbox 528 2686 737 2740; x_wconf 80' lang='lat' dir='ltr'><strong>sacrificantium.</strong></span> <span class='ocrx_word' id='word_1_197' title='bbox 889 2701 937 2736; x_wconf 84' lang='lat' dir='ltr'><strong>eur</strong></span> <span class='ocrx_word' id='word_1_198' title='bbox 950 2683 1093 2748; x_wconf 85' lang='lat' dir='ltr'><strong>Mercurii,</strong></span> <span class='ocrx_word' id='word_1_199' title='bbox 1115 2685 1142 2738; x_wconf 85' lang='lat' dir='ltr'><strong>lr.</strong></span> <span class='ocrx_word' id='word_1_200' title='bbox 1156 2683 1174 2736; x_wconf 95' lang='lat' dir='ltr'><strong>l.</strong></span> <span class='ocrx_word' id='word_1_201' title='bbox 1187 2685 1287 2738; x_wconf 88' lang='lat' dir='ltr'><strong>mentio</strong></span> <span class='ocrx_word' id='word_1_202' title='bbox 1301 2687 1368 2739; x_wconf 86' lang='lat' dir='ltr'><strong>sacta</strong></span> <span class='ocrx_word' id='word_1_203' title='bbox 1381 2687 1434 2751; x_wconf 84' lang='lat' dir='ltr'><strong>sit,</strong></span> 
     </span>
     <span class='ocr_line' id='line_1_24' title="bbox 334 2767 1437 2842; baseline -0.002 -19"><span class='ocrx_word' id='word_1_204' title='bbox 334 2777 444 2824; x_wconf 77' lang='lat' dir='ltr'><strong>4t-5t,</strong></span> <span class='ocrx_word' id='word_1_205' title='bbox 457 2769 545 2841; x_wconf 69' lang='lat' dir='ltr'><strong>Pergit</strong></span> <span class='ocrx_word' id='word_1_206' title='bbox 554 2769 705 2828; x_wconf 87' lang='lat' dir='ltr'><strong>inanitatem</strong></span> <span class='ocrx_word' id='word_1_207' title='bbox 717 2770 839 2842; x_wconf 86' lang='lat' dir='ltr'><strong>perstrin·</strong></span> <span class='ocrx_word' id='word_1_208' title='bbox 891 2770 945 2837; x_wconf 88' lang='lat' dir='ltr'><strong>peti</strong></span> <span class='ocrx_word' id='word_1_209' title='bbox 958 2777 1040 2837; x_wconf 85' lang='lat' dir='ltr'><strong>potest</strong></span> <span class='ocrx_word' id='word_1_210' title='bbox 1052 2786 1081 2819; x_wconf 85' lang='lat' dir='ltr'><strong>ex</strong></span> <span class='ocrx_word' id='word_1_211' title='bbox 1095 2770 1211 2821; x_wconf 86' lang='lat' dir='ltr'><strong>Homero</strong></span> <span class='ocrx_word' id='word_1_212' title='bbox 1224 2767 1255 2822; x_wconf 91' lang='lat' dir='ltr'><strong>Il.</strong></span> <span class='ocrx_word' id='word_1_213' title='bbox 1269 2769 1284 2833; x_wconf 80' lang='grc' dir='ltr'><em>ξ</em></span> <span class='ocrx_word' id='word_1_214' title='bbox 1292 2811 1300 2836; x_wconf 84' lang='lat'>‚</span> <span class='ocrx_word' id='word_1_215' title='bbox 1314 2776 1372 2823; x_wconf 77' lang='lat'><em>489.</em></span> <span class='ocrx_word' id='word_1_216' title='bbox 1432 2824 1437 2832; x_wconf 72' lang='grc'><strong>,</strong></span> 
     </span>
     <span class='ocr_line' id='line_1_25' title="bbox 299 2853 1436 2926; baseline 0.001 -21"><span class='ocrx_word' id='word_1_217' title='bbox 299 2872 361 2924; x_wconf 82' lang='lat' dir='ltr'><strong>gere</strong></span> <span class='ocrx_word' id='word_1_218' title='bbox 375 2873 466 2908; x_wconf 85' lang='lat' dir='ltr'><strong>eorum</strong></span> <span class='ocrx_word' id='word_1_219' title='bbox 488 2863 621 2918; x_wconf 89' lang='lat' dir='ltr'><strong>votorum,</strong></span> <span class='ocrx_word' id='word_1_220' title='bbox 642 2873 721 2926; x_wconf 80' lang='lat' dir='ltr'><strong>quae,</strong></span> <span class='ocrx_word' id='word_1_221' title='bbox 730 2853 836 2926; x_wconf 86' lang='lat' dir='ltr'><strong>quomi·</strong></span> <span class='ocrx_word' id='word_1_222' title='bbox 926 2858 967 2906; x_wconf 77' lang='lat'><strong>45.</strong></span> <span class='ocrx_word' id='word_1_223' title='bbox 982 2853 1095 2906; x_wconf 83' lang='lat' dir='ltr'><strong>Arcessir</strong></span> <span class='ocrx_word' id='word_1_224' title='bbox 1106 2854 1243 2906; x_wconf 52' lang='lat' dir='ltr'><strong>immons</strong></span> <span class='ocrx_word' id='word_1_225' title='bbox 1257 2853 1436 2922; x_wconf 65' lang='lat' dir='ltr'><strong>mansilium</strong></span> 
     </span>
     <span class='ocr_line' id='line_1_26' title="bbox 300 2935 1435 3009; baseline 0.002 -19"><span class='ocrx_word' id='word_1_226' title='bbox 300 2955 349 2990; x_wconf 87' lang='lat' dir='ltr'><strong>nus</strong></span> <span class='ocrx_word' id='word_1_227' title='bbox 362 2947 417 2990; x_wconf 87' lang='lat' dir='ltr'><strong>rata</strong></span> <span class='ocrx_word' id='word_1_228' title='bbox 437 2955 491 2990; x_wconf 82' lang='lat' dir='ltr'><strong>esse</strong></span> <span class='ocrx_word' id='word_1_229' title='bbox 511 2937 626 3008; x_wconf 88' lang='lat' dir='ltr'><strong>possint,</strong></span> <span class='ocrx_word' id='word_1_230' title='bbox 642 2937 684 2990; x_wconf 92' lang='lat' dir='ltr'><strong>illi</strong></span> <span class='ocrx_word' id='word_1_231' title='bbox 702 2938 769 3008; x_wconf 87' lang='lat' dir='ltr'><strong>ipsi,</strong></span> <span class='ocrx_word' id='word_1_232' title='bbox 792 2938 839 3009; x_wconf 82' lang='lat' dir='ltr'><strong>qni</strong></span> <span class='ocrx_word' id='word_1_233' title='bbox 888 2935 1019 2990; x_wconf 82' lang='lat' dir='ltr'><strong>sacrifieiis</strong></span> <span class='ocrx_word' id='word_1_234' title='bbox 1037 2937 1086 2989; x_wconf 84' lang='lat' dir='ltr'><strong>lroc</strong></span> <span class='ocrx_word' id='word_1_235' title='bbox 1100 2938 1201 2992; x_wconf 85' lang='lat' dir='ltr'><strong>efficere</strong></span> <span class='ocrx_word' id='word_1_236' title='bbox 1214 2949 1304 3008; x_wconf 77' lang='lat' dir='ltr'><strong>optes,</strong></span> <span class='ocrx_word' id='word_1_237' title='bbox 1317 2948 1346 2991; x_wconf 92' lang='lat' dir='ltr'><strong>ut</strong></span> <span class='ocrx_word' id='word_1_238' title='bbox 1357 2940 1435 2992; x_wconf 91' lang='lat' dir='ltr'><strong>Mer-</strong></span> 
     </span>
     <span class='ocr_line' id='line_1_27' title="bbox 227 3019 1434 3093; baseline 0.001 -19"><span class='ocrx_word' id='word_1_239' title='bbox 227 3071 233 3090; x_wconf 61' lang='grc'><strong>,</strong></span> <span class='ocrx_word' id='word_1_240' title='bbox 300 3041 330 3074; x_wconf 90' lang='lat' dir='ltr'><strong>ea</strong></span> <span class='ocrx_word' id='word_1_241' title='bbox 350 3021 508 3092; x_wconf 87' lang='lat' dir='ltr'><strong>suscipiunt,</strong></span> <span class='ocrx_word' id='word_1_242' title='bbox 522 3019 700 3093; x_wconf 84' lang='lat' dir='ltr'><strong>inpedimenta</strong></span> <span class='ocrx_word' id='word_1_243' title='bbox 718 3039 773 3075; x_wconf 83' lang='lat' dir='ltr'><strong>esse</strong></span> <span class='ocrx_word' id='word_1_244' title='bbox 791 3039 836 3075; x_wconf 90' lang='lat' dir='ltr'><strong>so·</strong></span> <span class='ocrx_word' id='word_1_245' title='bbox 888 3019 974 3075; x_wconf 86' lang='lat' dir='ltr'><strong>curius</strong></span> <span class='ocrx_word' id='word_1_246' title='bbox 986 3038 1105 3092; x_wconf 87' lang='lat' dir='ltr'><strong>praesens</strong></span> <span class='ocrx_word' id='word_1_247' title='bbox 1119 3031 1144 3074; x_wconf 89' lang='lat' dir='ltr'><strong>te</strong></span> <span class='ocrx_word' id='word_1_248' title='bbox 1163 3021 1292 3076; x_wconf 80' lang='lat' dir='ltr'><strong>exandiat.</strong></span> <span class='ocrx_word' id='word_1_249' title='bbox 1319 3023 1365 3076; x_wconf 84' lang='lat' dir='ltr'><strong>Da</strong></span> <span class='ocrx_word' id='word_1_250' title='bbox 1370 3023 1434 3091; x_wconf 58' lang='lat' dir='ltr'><strong>sor*</strong></span> 
     </span>
     <span class='ocr_line' id='line_1_28' title="bbox 301 3103 1432 3177; baseline 0.004 -21"><span class='ocrx_word' id='word_1_251' title='bbox 301 3103 366 3158; x_wconf 86' lang='lat' dir='ltr'><strong>lent.</strong></span> <span class='ocrx_word' id='word_1_252' title='bbox 717 3171 720 3176; x_wconf 24' lang='grc' dir='ltr'>Ι</span> <span class='ocrx_word' id='word_1_253' title='bbox 889 3119 976 3160; x_wconf 82' lang='lat' dir='ltr'><strong>tuaare</strong></span> <span class='ocrx_word' id='word_1_254' title='bbox 983 3120 1100 3177; x_wconf 81' lang='lat' dir='ltr'><strong>penates,</strong></span> <span class='ocrx_word' id='word_1_255' title='bbox 1125 3108 1225 3160; x_wconf 82' lang='lat' dir='ltr'><strong>Graeca</strong></span> <span class='ocrx_word' id='word_1_256' title='bbox 1239 3105 1343 3160; x_wconf 87' lang='lat' dir='ltr'><strong>dicendi</strong></span> <span class='ocrx_word' id='word_1_257' title='bbox 1360 3107 1432 3161; x_wconf 82' lang='lat' dir='ltr'><strong>ratio</strong></span> 
     </span>
     <span class='ocr_line' id='line_1_29' title="bbox 334 3187 1432 3264; baseline 0.008 -26"><span class='ocrx_word' id='word_1_258' title='bbox 334 3192 377 3242; x_wconf 73' lang='lat' dir='ltr'><strong>tt.</strong></span> <span class='ocrx_word' id='word_1_259' title='bbox 390 3206 461 3254; x_wconf 82' lang='lat' dir='ltr'><strong>opem</strong></span> <span class='ocrx_word' id='word_1_260' title='bbox 475 3190 565 3253; x_wconf 72' lang='lat' dir='ltr'><strong>nervis,</strong></span> <span class='ocrx_word' id='word_1_261' title='bbox 577 3187 595 3240; x_wconf 91' lang='lat' dir='ltr'><strong>i.</strong></span> <span class='ocrx_word' id='word_1_262' title='bbox 608 3205 630 3241; x_wconf 93' lang='lat' dir='ltr'><strong>e.</strong></span> <span class='ocrx_word' id='word_1_263' title='bbox 644 3187 838 3242; x_wconf 81' lang='lat' dir='ltr'><strong>roborationem</strong></span> <span class='ocrx_word' id='word_1_264' title='bbox 887 3190 1021 3246; x_wconf 83' lang='lat' dir='ltr'><strong>solemnis.</strong></span> <span class='ocrx_word' id='word_1_265' title='bbox 1035 3209 1138 3244; x_wconf 82' lang='lat' dir='ltr'><strong>sensns:</strong></span> <span class='ocrx_word' id='word_1_266' title='bbox 1154 3195 1292 3263; x_wconf 87' lang='lat' dir='ltr'><strong>permitte,</strong></span> <span class='ocrx_word' id='word_1_267' title='bbox 1304 3204 1333 3246; x_wconf 91' lang='lat' dir='ltr'><strong>ut</strong></span> <span class='ocrx_word' id='word_1_268' title='bbox 1345 3212 1432 3264; x_wconf 82' lang='lat' dir='ltr'><strong>penn-</strong></span> 
     </span>
     <span class='ocr_line' id='line_1_30' title="bbox 300 3269 1333 3346; baseline 0.01 -24"><span class='ocrx_word' id='word_1_269' title='bbox 300 3287 446 3323; x_wconf 85' lang='lat' dir='ltr'><strong>nervorum</strong></span> <span class='ocrx_word' id='word_1_270' title='bbox 461 3269 670 3340; x_wconf 81' lang='lat' dir='ltr'><strong>debilitaturum,</strong></span> <span class='ocrx_word' id='word_1_271' title='bbox 691 3271 732 3326; x_wconf 87' lang='lat' dir='ltr'><strong>vel</strong></span> <span class='ocrx_word' id='word_1_272' title='bbox 749 3270 838 3342; x_wconf 85' lang='lat' dir='ltr'><strong>simpl.</strong></span> <span class='ocrx_word' id='word_1_273' title='bbox 888 3285 927 3328; x_wconf 86' lang='lat' dir='ltr'><strong>tes</strong></span> <span class='ocrx_word' id='word_1_274' title='bbox 939 3274 1075 3340; x_wconf 76' lang='lat' dir='ltr'><strong>facultates</strong></span> <span class='ocrx_word' id='word_1_275' title='bbox 1088 3293 1160 3331; x_wconf 83' lang='lat' dir='ltr'><strong>meas</strong></span> <span class='ocrx_word' id='word_1_276' title='bbox 1173 3288 1333 3346; x_wconf 86' lang='lat' dir='ltr'><strong>prosperent.</strong></span> 
     </span>
     <span class='ocr_line' id='line_1_31' title="bbox 299 3354 1434 3432; baseline 0.009 -24"><span class='ocrx_word' id='word_1_277' title='bbox 299 3357 415 3424; x_wconf 77' lang='lat' dir='ltr'><strong>corporis</strong></span> <span class='ocrx_word' id='word_1_278' title='bbox 442 3354 556 3426; x_wconf 75' lang='lat' dir='ltr'><strong>languidi</strong></span> <span class='ocrx_word' id='word_1_279' title='bbox 581 3365 608 3410; x_wconf 89' lang='lat' dir='ltr'><strong>et</strong></span> <span class='ocrx_word' id='word_1_280' title='bbox 629 3356 738 3410; x_wconf 84' lang='lat' dir='ltr'><strong>infirmi.</strong></span> <span class='ocrx_word' id='word_1_281' title='bbox 752 3357 839 3428; x_wconf 79' lang='lat' dir='ltr'><strong>fidele</strong></span> <span class='ocrx_word' id='word_1_282' title='bbox 922 3365 963 3414; x_wconf 85' lang='lat'><strong>46.</strong></span> <span class='ocrx_word' id='word_1_283' title='bbox 977 3381 1040 3432; x_wconf 84' lang='lat' dir='ltr'><strong>quo,</strong></span> <span class='ocrx_word' id='word_1_284' title='bbox 1061 3365 1182 3432; x_wconf 74' lang='lat' dir='ltr'><strong>pessime,</strong></span> <span class='ocrx_word' id='word_1_285' title='bbox 1203 3375 1295 3432; x_wconf 82' lang='lat' dir='ltr'><strong>pacto,</strong></span> <span class='ocrx_word' id='word_1_286' title='bbox 1315 3381 1352 3416; x_wconf 86' lang='lat' dir='ltr'><strong>sc.</strong></span> <span class='ocrx_word' id='word_1_287' title='bbox 1371 3361 1434 3418; x_wconf 78' lang='lat' dir='ltr'><strong>dari</strong></span> 
     </span>
     <span class='ocr_line' id='line_1_32' title="bbox 298 3435 1434 3516; baseline 0.008 -25"><span class='ocrx_word' id='word_1_288' title='bbox 298 3449 411 3493; x_wconf 78' lang='lat' dir='ltr'><strong>senectae</strong></span> <span class='ocrx_word' id='word_1_289' title='bbox 435 3435 453 3492; x_wconf 91' lang='lat' dir='ltr'><strong>i.</strong></span> <span class='ocrx_word' id='word_1_290' title='bbox 476 3457 498 3490; x_wconf 59' lang='lat' dir='ltr'><strong>er</strong></span> <span class='ocrx_word' id='word_1_291' title='bbox 519 3437 588 3508; x_wconf 88' lang='lat' dir='ltr'><strong>quod</strong></span> <span class='ocrx_word' id='word_1_292' title='bbox 608 3449 770 3494; x_wconf 83' lang='lat' dir='ltr'><strong>senectutem</strong></span> <span class='ocrx_word' id='word_1_293' title='bbox 784 3457 839 3494; x_wconf 86' lang='lat' dir='ltr'><strong>non</strong></span> <span class='ocrx_word' id='word_1_294' title='bbox 890 3443 916 3498; x_wconf 82' lang='lat' dir='ltr'><strong>ld</strong></span> <span class='ocrx_word' id='word_1_295' title='bbox 946 3465 960 3498; x_wconf 86' lang='lat' dir='ltr'><strong>a</strong></span> <span class='ocrx_word' id='word_1_296' title='bbox 985 3444 1117 3498; x_wconf 85' lang='lat' dir='ltr'><strong>Mercurio</strong></span> <span class='ocrx_word' id='word_1_297' title='bbox 1135 3455 1227 3516; x_wconf 82' lang='lat' dir='ltr'><strong>potest.</strong></span> <span class='ocrx_word' id='word_1_298' title='bbox 1256 3445 1304 3500; x_wconf 91' lang='lat' dir='ltr'><strong>lllo</strong></span> <span class='ocrx_word' id='word_1_299' title='bbox 1323 3453 1434 3516; x_wconf 78' lang='lat' dir='ltr'><strong>pessime</strong></span> 
     </span>
     <span class='ocr_line' id='line_1_33' title="bbox 300 3523 1434 3600; baseline 0.007 -24"><span class='ocrx_word' id='word_1_300' title='bbox 300 3524 413 3588; x_wconf 76' lang='lat' dir='ltr'><strong>deseret,</strong></span> <span class='ocrx_word' id='word_1_301' title='bbox 432 3523 500 3592; x_wconf 89' lang='lat' dir='ltr'><strong>quod</strong></span> <span class='ocrx_word' id='word_1_302' title='bbox 515 3523 646 3594; x_wconf 78' lang='lat' dir='ltr'><strong>integrum</strong></span> <span class='ocrx_word' id='word_1_303' title='bbox 664 3524 692 3577; x_wconf 89' lang='lat' dir='ltr'><strong>in</strong></span> <span class='ocrx_word' id='word_1_304' title='bbox 706 3536 837 3578; x_wconf 82' lang='lat' dir='ltr'><strong>senectute</strong></span> <span class='ocrx_word' id='word_1_305' title='bbox 891 3527 1028 3582; x_wconf 81' lang='lat' dir='ltr'><strong>stultitiam</strong></span> <span class='ocrx_word' id='word_1_306' title='bbox 1046 3528 1130 3598; x_wconf 73' lang='lat' dir='ltr'><strong>magis</strong></span> <span class='ocrx_word' id='word_1_307' title='bbox 1142 3545 1224 3600; x_wconf 85' lang='lat' dir='ltr'><strong>quarn</strong></span> <span class='ocrx_word' id='word_1_308' title='bbox 1237 3527 1365 3585; x_wconf 76' lang='lat' dir='ltr'><strong>melitium</strong></span> <span class='ocrx_word' id='word_1_309' title='bbox 1378 3531 1434 3584; x_wconf 82' lang='lat' dir='ltr'><strong>No-</strong></span> 
     </span>
     <span class='ocr_line' id='line_1_34' title="bbox 298 3605 1254 3673; baseline 0.002 -13"><span class='ocrx_word' id='word_1_310' title='bbox 298 3615 414 3672; x_wconf 87' lang='lat' dir='ltr'><strong>mnueat,</strong></span> <span class='ocrx_word' id='word_1_311' title='bbox 427 3623 475 3658; x_wconf 90' lang='lat' dir='ltr'><strong>nec</strong></span> <span class='ocrx_word' id='word_1_312' title='bbox 488 3605 580 3659; x_wconf 87' lang='lat' dir='ltr'><strong>eadem</strong></span> <span class='ocrx_word' id='word_1_313' title='bbox 592 3610 691 3662; x_wconf 88' lang='lat' dir='ltr'><strong>ratione</strong></span> <span class='ocrx_word' id='word_1_314' title='bbox 704 3607 837 3673; x_wconf 84' lang='lat' dir='ltr'><strong>hebescat,</strong></span> <span class='ocrx_word' id='word_1_315' title='bbox 890 3620 943 3663; x_wconf 89' lang='lat' dir='ltr'><strong>ster</strong></span> <span class='ocrx_word' id='word_1_316' title='bbox 955 3609 1059 3664; x_wconf 86' lang='lat' dir='ltr'><strong>videtur</strong></span> <span class='ocrx_word' id='word_1_317' title='bbox 1074 3621 1172 3669; x_wconf 82' lang='lat' dir='ltr'><strong>notare.</strong></span> <span class='ocrx_word' id='word_1_318' title='bbox 1252 3627 1254 3632; x_wconf 93' lang='lat'>·</span> 
     </span>
     <span class='ocr_line' id='line_1_35' title="bbox 300 3693 1434 3766; baseline 0.003 -23"><span class='ocrx_word' id='word_1_319' title='bbox 300 3711 353 3761; x_wconf 87' lang='lat' dir='ltr'><strong>qua</strong></span> <span class='ocrx_word' id='word_1_320' title='bbox 367 3709 497 3745; x_wconf 87' lang='lat' dir='ltr'><strong>annornm</strong></span> <span class='ocrx_word' id='word_1_321' title='bbox 509 3711 636 3747; x_wconf 88' lang='lat' dir='ltr'><strong>numerus</strong></span> <span class='ocrx_word' id='word_1_322' title='bbox 649 3703 766 3766; x_wconf 70' lang='lat' dir='ltr'><strong>urgetur.</strong></span> <span class='ocrx_word' id='word_1_323' title='bbox 925 3699 967 3747; x_wconf 77' lang='lat' dir='ltr'><strong>tt.</strong></span> <span class='ocrx_word' id='word_1_324' title='bbox 981 3697 1088 3746; x_wconf 83' lang='lat' dir='ltr'><strong>iwricum</strong></span> <span class='ocrx_word' id='word_1_325' title='bbox 1110 3707 1219 3748; x_wconf 83' lang='lat' dir='ltr'><strong>omeata.</strong></span> <span class='ocrx_word' id='word_1_326' title='bbox 1248 3699 1280 3748; x_wconf 91' lang='lat' dir='ltr'><strong>In</strong></span> <span class='ocrx_word' id='word_1_327' title='bbox 1297 3693 1434 3748; x_wconf 72' lang='lat' dir='ltr'><strong>sacrificiis</strong></span> 
     </span>
     <span class='ocr_line' id='line_1_36' title="bbox 335 3775 1427 3848; baseline 0 -20"><span class='ocrx_word' id='word_1_328' title='bbox 335 3775 549 3848; x_wconf 66' lang='lat' dir='ltr'><strong>tl.,Esto,age=</strong></span> <span class='ocrx_word' id='word_1_329' title='bbox 564 3795 626 3848; x_wconf 80' lang='lat' dir='ltr'><strong>pror</strong></span> <span class='ocrx_word' id='word_1_330' title='bbox 641 3795 756 3848; x_wconf 78' lang='lat' dir='ltr'><strong>age,per</strong></span> <span class='ocrx_word' id='word_1_331' title='bbox 769 3780 839 3832; x_wconf 85' lang='lat' dir='ltr'><strong>Deos</strong></span> <span class='ocrx_word' id='word_1_332' title='bbox 890 3791 983 3844; x_wconf 86' lang='lat' dir='ltr'><strong>nempe</strong></span> <span class='ocrx_word' id='word_1_333' title='bbox 998 3775 1110 3845; x_wconf 86' lang='lat' dir='ltr'><strong>optimas</strong></span> <span class='ocrx_word' id='word_1_334' title='bbox 1133 3785 1162 3846; x_wconf 71' lang='lat' dir='ltr'><strong>et</strong></span> <span class='ocrx_word' id='word_1_335' title='bbox 1183 3775 1427 3848; x_wconf 74' lang='lat' dir='ltr'><strong>pinguissimaslao-</strong></span> 
     </span>
     <span class='ocr_line' id='line_1_37' title="bbox 300 3855 1434 3931; baseline 0.003 -21"><span class='ocrx_word' id='word_1_336' title='bbox 300 3855 380 3923; x_wconf 86' lang='lat' dir='ltr'><strong>licet,</strong></span> <span class='ocrx_word' id='word_1_337' title='bbox 403 3867 434 3911; x_wconf 92' lang='lat' dir='ltr'><strong>ut</strong></span> <span class='ocrx_word' id='word_1_338' title='bbox 455 3859 508 3912; x_wconf 84' lang='lat' dir='ltr'><strong>voti</strong></span> <span class='ocrx_word' id='word_1_339' title='bbox 529 3878 636 3930; x_wconf 88' lang='lat' dir='ltr'><strong>compos</strong></span> <span class='ocrx_word' id='word_1_340' title='bbox 657 3863 701 3914; x_wconf 85' lang='lat' dir='ltr'><strong>sia.</strong></span> <span class='ocrx_word' id='word_1_341' title='bbox 729 3863 839 3931; x_wconf 73' lang='lat' dir='ltr'><strong>grandes</strong></span> <span class='ocrx_word' id='word_1_342' title='bbox 890 3858 952 3912; x_wconf 88' lang='lat' dir='ltr'><strong>stiae</strong></span> <span class='ocrx_word' id='word_1_343' title='bbox 963 3869 990 3912; x_wconf 88' lang='lat' dir='ltr'><strong>et</strong></span> <span class='ocrx_word' id='word_1_344' title='bbox 1004 3860 1126 3914; x_wconf 81' lang='lat' dir='ltr'><strong>victimae</strong></span> <span class='ocrx_word' id='word_1_345' title='bbox 1139 3871 1223 3930; x_wconf 87' lang='lat' dir='ltr'><strong>partes</strong></span> <span class='ocrx_word' id='word_1_346' title='bbox 1235 3870 1342 3914; x_wconf 87' lang='lat' dir='ltr'><strong>omento</strong></span> <span class='ocrx_word' id='word_1_347' title='bbox 1355 3859 1434 3913; x_wconf 86' lang='lat' dir='ltr'><strong>invo-</strong></span> 
     </span>
     <span class='ocr_line' id='line_1_38' title="bbox 296 3939 1431 4014; baseline 0.003 -20"><span class='ocrx_word' id='word_1_348' title='bbox 296 3946 462 4014; x_wconf 83' lang='lat' dir='ltr'><strong>patiuaepro</strong></span> <span class='ocrx_word' id='word_1_349' title='bbox 490 3942 521 3996; x_wconf 86' lang='lat' dir='ltr'><strong>iis</strong></span> <span class='ocrx_word' id='word_1_350' title='bbox 549 3943 627 3997; x_wconf 86' lang='lat' dir='ltr'><strong>rebus</strong></span> <span class='ocrx_word' id='word_1_351' title='bbox 645 3943 739 4013; x_wconf 82' lang='lat' dir='ltr'><strong>positae</strong></span> <span class='ocrx_word' id='word_1_352' title='bbox 762 3953 839 4009; x_wconf 90' lang='lat' dir='ltr'><strong>sunt,</strong></span> <span class='ocrx_word' id='word_1_353' title='bbox 889 3939 956 3996; x_wconf 78' lang='lat' dir='ltr'><strong>lutae</strong></span> <span class='ocrx_word' id='word_1_354' title='bbox 973 3943 1090 3996; x_wconf 88' lang='lat' dir='ltr'><strong>comburi</strong></span> <span class='ocrx_word' id='word_1_355' title='bbox 1104 3961 1160 3997; x_wconf 79' lang='lat' dir='ltr'><strong>esse</strong></span> <span class='ocrx_word' id='word_1_356' title='bbox 1170 3943 1255 3997; x_wconf 85' lang='lat' dir='ltr'><strong>solitas</strong></span> <span class='ocrx_word' id='word_1_357' title='bbox 1269 3962 1300 3996; x_wconf 84' lang='lat' dir='ltr'><strong>ex</strong></span> <span class='ocrx_word' id='word_1_358' title='bbox 1310 3947 1431 3997; x_wconf 84' lang='lat' dir='ltr'><strong>Homero</strong></span> 
     </span>
     <span class='ocr_line' id='line_1_39' title="bbox 300 4024 1430 4097; baseline 0.001 -20"><span class='ocrx_word' id='word_1_359' title='bbox 300 4044 366 4096; x_wconf 88' lang='lat' dir='ltr'><strong>quae</strong></span> <span class='ocrx_word' id='word_1_360' title='bbox 388 4025 416 4078; x_wconf 89' lang='lat' dir='ltr'><strong>in</strong></span> <span class='ocrx_word' id='word_1_361' title='bbox 438 4024 491 4080; x_wconf 89' lang='lat' dir='ltr'><strong>illis</strong></span> <span class='ocrx_word' id='word_1_362' title='bbox 508 4026 601 4096; x_wconf 87' lang='lat' dir='ltr'><strong>patinis</strong></span> <span class='ocrx_word' id='word_1_363' title='bbox 626 4025 839 4097; x_wconf 83' lang='lat' dir='ltr'><strong>adponebautur,</strong></span> <span class='ocrx_word' id='word_1_364' title='bbox 889 4026 950 4078; x_wconf 83' lang='lat' dir='ltr'><strong>satis</strong></span> <span class='ocrx_word' id='word_1_365' title='bbox 966 4037 1060 4079; x_wconf 87' lang='lat' dir='ltr'><strong>notum</strong></span> <span class='ocrx_word' id='word_1_366' title='bbox 1072 4037 1119 4080; x_wconf 84' lang='lat' dir='ltr'><strong>est.</strong></span> <span class='ocrx_word' id='word_1_367' title='bbox 1131 4026 1161 4096; x_wconf 80' lang='lat' dir='ltr'><strong>ll.</strong></span> <span class='ocrx_word' id='word_1_368' title='bbox 1175 4047 1209 4092; x_wconf 86' lang='grc' dir='ltr'><strong>α,</strong></span> <span class='ocrx_word' id='word_1_369' title='bbox 1229 4032 1295 4097; x_wconf 74' lang='lat'><strong>46⁰5</strong></span> <span class='ocrx_word' id='word_1_370' title='bbox 1313 4027 1345 4093; x_wconf 70' lang='lat'><strong>5,</strong></span> <span class='ocrx_word' id='word_1_371' title='bbox 1367 4034 1430 4083; x_wconf 77' lang='lat' dir='ltr'><strong>tto.</strong></span> 
     </span>
     <span class='ocr_line' id='line_1_40' title="bbox 289 4101 1429 4183; baseline 0.002 -21"><span class='ocrx_word' id='word_1_372' title='bbox 289 4101 398 4182; x_wconf 67' lang='lat' dir='ltr'><strong>&#39;quibus</strong></span> <span class='ocrx_word' id='word_1_373' title='bbox 412 4128 516 4183; x_wconf 88' lang='lat' dir='ltr'><strong>quoque</strong></span> <span class='ocrx_word' id='word_1_374' title='bbox 533 4109 678 4182; x_wconf 79' lang='lat' dir='ltr'><strong>amplitudo</strong></span> <span class='ocrx_word' id='word_1_375' title='bbox 693 4114 840 4183; x_wconf 86' lang='lat' dir='ltr'><strong>patinarum</strong></span> <span class='ocrx_word' id='word_1_376' title='bbox 889 4111 1023 4182; x_wconf 80' lang='lat' dir='ltr'><strong>liqwscaru</strong></span> <span class='ocrx_word' id='word_1_377' title='bbox 1029 4151 1039 4175; x_wconf 87' lang='lat'><em>,</em></span> <span class='ocrx_word' id='word_1_378' title='bbox 1055 4109 1170 4182; x_wconf 76' lang='lat' dir='ltr'><strong>adposite</strong></span> <span class='ocrx_word' id='word_1_379' title='bbox 1182 4110 1213 4164; x_wconf 90' lang='lat' dir='ltr'><strong>ad</strong></span> <span class='ocrx_word' id='word_1_380' title='bbox 1226 4122 1348 4176; x_wconf 88' lang='lat' dir='ltr'><strong>omenta,</strong></span> <span class='ocrx_word' id='word_1_381' title='bbox 1360 4130 1429 4180; x_wconf 84' lang='lat' dir='ltr'><strong>quae</strong></span> 
     </span>
     <span class='ocr_line' id='line_1_41' title="bbox 301 4192 1367 4267; baseline 0.004 -23"><span class='ocrx_word' id='word_1_382' title='bbox 301 4192 557 4249; x_wconf 81' lang='lat' dir='ltr'><strong>adcommodabstur.</strong></span> <span class='ocrx_word' id='word_1_383' title='bbox 614 4207 740 4266; x_wconf 85' lang='lat' dir='ltr'><strong>tucetaque</strong></span> <span class='ocrx_word' id='word_1_384' title='bbox 757 4216 840 4250; x_wconf 81' lang='lat' dir='ltr'><strong>crassa</strong></span> <span class='ocrx_word' id='word_1_385' title='bbox 890 4193 965 4267; x_wconf 91' lang='lat' dir='ltr'><strong>adipe</strong></span> <span class='ocrx_word' id='word_1_386' title='bbox 980 4205 1113 4262; x_wconf 80' lang='lat' dir='ltr'><strong>constant,</strong></span> <span class='ocrx_word' id='word_1_387' title='bbox 1127 4215 1190 4266; x_wconf 86' lang='lat' dir='ltr'><strong>pro:</strong></span> <span class='ocrx_word' id='word_1_388' title='bbox 1209 4207 1367 4250; x_wconf 77' lang='lat' dir='ltr'><strong>crementur,</strong></span> 
     </span>
     <span class='ocr_line' id='line_1_42' title="bbox 301 4275 1431 4352; baseline 0.006 -27"><span class='ocrx_word' id='word_1_389' title='bbox 301 4275 438 4344; x_wconf 86' lang='lat' dir='ltr'><strong>opiparum</strong></span> <span class='ocrx_word' id='word_1_390' title='bbox 463 4290 517 4332; x_wconf 89' lang='lat' dir='ltr'><strong>erat</strong></span> <span class='ocrx_word' id='word_1_391' title='bbox 541 4275 670 4333; x_wconf 85' lang='lat' dir='ltr'><strong>ferculum</strong></span> <span class='ocrx_word' id='word_1_392' title='bbox 697 4277 743 4332; x_wconf 90' lang='lat' dir='ltr'><strong>sed</strong></span> <span class='ocrx_word' id='word_1_393' title='bbox 764 4279 838 4335; x_wconf 88' lang='lat' dir='ltr'><strong>nobis</strong></span> <span class='ocrx_word' id='word_1_394' title='bbox 924 4286 966 4333; x_wconf 79' lang='lat' dir='ltr'><strong>tt.</strong></span> <span class='ocrx_word' id='word_1_395' title='bbox 980 4281 1050 4333; x_wconf 75' lang='lat' dir='ltr'><strong>Exta</strong></span> <span class='ocrx_word' id='word_1_396' title='bbox 1068 4283 1149 4348; x_wconf 84' lang='lat' dir='ltr'><strong>(cor,</strong></span> <span class='ocrx_word' id='word_1_397' title='bbox 1163 4279 1267 4352; x_wconf 80' lang='lat' dir='ltr'><strong>pulmo,</strong></span> <span class='ocrx_word' id='word_1_398' title='bbox 1280 4279 1341 4346; x_wconf 86' lang='lat' dir='ltr'><strong>lien,</strong></span> <span class='ocrx_word' id='word_1_399' title='bbox 1355 4281 1431 4348; x_wconf 70' lang='lat' dir='ltr'><strong>ieeur,</strong></span> 
     </span>
     <span class='ocr_line' id='line_1_43' title="bbox 302 4359 1427 4440; baseline 0.004 -29"><span class='ocrx_word' id='word_1_400' title='bbox 302 4359 431 4430; x_wconf 71' lang='lat' dir='ltr'><strong>ignotum.</strong></span> <span class='ocrx_word' id='word_1_401' title='bbox 890 4367 958 4433; x_wconf 85' lang='lat' dir='ltr'><strong>cet.)</strong></span> <span class='ocrx_word' id='word_1_402' title='bbox 973 4365 1029 4418; x_wconf 85' lang='lat' dir='ltr'><strong>Diis</strong></span> <span class='ocrx_word' id='word_1_403' title='bbox 1043 4365 1070 4418; x_wconf 92' lang='lat' dir='ltr'><strong>in</strong></span> <span class='ocrx_word' id='word_1_404' title='bbox 1084 4365 1211 4420; x_wconf 79' lang='lat' dir='ltr'><strong>sacrificiis</strong></span> <span class='ocrx_word' id='word_1_405' title='bbox 1218 4365 1352 4440; x_wconf 84' lang='lat' dir='ltr'><strong>praecipue</strong></span> <span class='ocrx_word' id='word_1_406' title='bbox 1367 4364 1427 4418; x_wconf 89' lang='lat' dir='ltr'><strong>red·</strong></span> 
     </span>
    </p>
   </div>
   <div class='ocr_carea' id='block_1_6' title="bbox 0 0 1564 5494">
    <p class='ocr_par' dir='ltr' id='par_1_6' title="bbox 0 0 1564 5494">
     <span class='ocr_line' id='line_1_44' title="bbox 0 0 1564 5494; baseline 0 0"><span class='ocrx_word' id='word_1_407' title='bbox 0 0 1564 5494; x_wconf 95' lang='lat' dir='ltr'><strong> </strong></span> 
     </span>
    </p>
   </div>
  </div>
 </body>
</html>
