3098 5498
331 381 419 495 154
545 385 550 412 ⁵
767 413 991 472 rrrnuams

322 609 485 713 Hospitis
505 609 640 682 affectu
658 589 851 684 dominum
872 633 1073 710 regemque
1092 607 1249 700 salutat,

321 727 371 800 Et
389 751 474 798 cum
493 722 615 800 venali
633 727 759 828 Cyane
777 727 966 799 succincta
983 723 1127 825 lagena.

372 840 558 916 Defensor
576 838 711 944 culpae
728 839 828 914 dicet
847 839 961 931 mihi,
979 838 1135 914 fecimus
1154 855 1193 914 et
1210 864 1279 913 nos
1390 889 1394 896 -

321 957 423 1030 Haec
441 960 604 1032 iuvenes.
631 959 732 1032 Esto.
760 957 894 1030 Desisti
913 981 1073 1057 nempe,
1090 981 1161 1030 nec
1179 953 1281 1029 ultra
1529 1047 1530 1062 χ

321 1075 351 1147 F
352 1074 459 1150 cristi
479 1097 657 1147 errorem.
685 1075 803 1150 Breve
821 1074 891 1162 sit,
909 1071 1013 1174 quod
1032 1074 1195 1175 turpiter
1215 1069 1342 1146 audes.
1390 1109 1438 1159 ,55

233 1241 240 1248 -
322 1190 513 1282 Quaedam
532 1215 616 1263 cum
638 1193 756 1292 prima
774 1207 991 1264 resecentur
1011 1191 1167 1262 crimina
1185 1187 1313 1262 barba.

321 1306 483 1409 indulge
500 1311 645 1384 veniam
665 1311 803 1410 pueris.
829 1309 1075 1410 Damasippus
1095 1305 1143 1380 ad
1162 1303 1246 1380 illos

323 1423 568 1500 Thermarum
586 1423 719 1498 calices
738 1426 994 1527 inscriptaque
1012 1421 1129 1498 lintea
1150 1415 1271 1516 vadit,

321 1545 492 1617 Maturus
509 1539 632 1629 bello,
651 1543 848 1614 Armeniae
867 1541 1075 1643 Syriaeque
1093 1537 1243 1616 tuendis

322 1655 501 1730 Amnibus
518 1657 698 1731 etRheno
712 1673 826 1759 atque
839 1659 950 1730 Istro.
970 1658 1166 1774 Praestarp
1174 1657 1360 1732 Neronem
1382 1693 1431 1742 uo

322 1775 503 1847 Securum
522 1770 622 1845 valet
643 1773 734 1846 haec
755 1788 865 1846 aetas.
885 1773 992 1846 Mitte
1010 1773 1134 1863 Ostia,
1154 1773 1309 1864 Caesar,

322 1889 429 1960 Mitte
440 1911 450 1974 ;
471 1884 593 1960 sedin
613 1913 747 1986 magna
764 1885 929 1987 legatum
950 1911 1092 1988 quaere
1106 1889 1259 1990 popina.

321 2005 492 2078 Invenies
512 2001 639 2106 aliquo
660 2027 745 2076 cum
763 2027 985 2106 percussore
1004 2006 1215 2096 iacentem,

321 2121 548 2193 Permixtum
568 2121 691 2192 nautis
711 2135 747 2192 et
765 2115 911 2192 furibus
931 2143 974 2192 ac
993 2116 1179 2222 fugitivis,

320 2237 425 2308 Inter
445 2232 636 2310 carnifices
656 2252 693 2309 et
711 2233 838 2309 fabros
859 2232 1138 2337 sandapilarum

320 2352 369 2424 Et
386 2351 590 2452 resupinati
609 2352 789 2424 cessantia
808 2367 987 2452 tympana
1007 2347 1119 2422 Galli.

293 2487 294 2492 ’
319 2469 449 2568 Aequa
466 2464 518 2536 ibi
536 2463 712 2555 libertas,
733 2468 942 2539 communia
962 2462 1122 2568 pocula,
1142 2461 1262 2537 lectus

320 2583 405 2656 Non
423 2579 516 2655 alius
536 2584 735 2684 cuiquam,
755 2605 826 2654 nec
847 2607 971 2654 mensa
988 2583 1167 2655 remotior
1186 2579 1266 2652 ulli.

320 2697 419 2789 Quid
437 2697 548 2772 facias
568 2697 680 2772 talem
699 2702 871 2788 sortitus,
893 2699 1070 2787 Pontice,
1088 2699 1268 2774 servum?

321 2811 464 2914 Nempe
482 2815 522 2883 in
540 2814 711 2886 Lucanos
731 2830 795 2886 aut
813 2813 934 2885 Tusca
955 2807 1140 2911 ergastula
1161 2812 1291 2882 mittas.
1390 2841 1435 2890 mo

321 2925 369 2998 At
389 2949 473 3016 vos,
494 2927 757 3027 Troiugenae,
778 2927 880 3004 vobis
901 2927 1111 3027 ignoscitis;
1132 2942 1191 3014 ct,
1211 2949 1308 3025 quac

322 3181 382 3224 sunt
395 3169 598 3242 triumphantem
616 3171 645 3225 C.
660 3171 692 3225 de
705 3173 851 3243 Haugwits.
904 3179 977 3226 -69,
1000 3177 1109 3228 74-74,
1125 3193 1156 3224 ac
1165 3168 1264 3244 furioso
1275 3173 1334 3242 ets.
1356 3177 1399 3224 48.
1415 3183 1437 3223 ot

357 3261 413 3308 463.
426 3255 487 3307 dicit
502 3261 542 3308 42.
559 3263 601 3310 44.
616 3261 655 3309 26.
670 3262 711 3310 45.
895 3253 995 3325 fraribus
1005 3256 1061 3328 ets
1074 3262 1116 3310 23.
1304 3307 1308 3314 .

356 3342 614 3392 ⁴66.resecauturt⁰.
636 3345 732 3394 tute.
753 3343 852 3394 44.45.
939 3347 995 3392 475.
1025 3342 1123 3408 flabrcs
1147 3341 1333 3409 soudqrilrrum
1369 3333 1437 3389 maie

321 3425 362 3475 20.
381 3426 421 3475 26.
436 3433 461 3475 et
474 3405 534 3474 XiV
547 3423 621 3478 codd.
635 3426 714 3478 Paris.
903 3424 1010 3478 emend.
1020 3425 1127 3479 Vulcan.
1141 3423 1166 3476 h.
1181 3443 1203 3477 e.
1223 3425 1340 3476 nondum
1354 3423 1435 3493 magi·

354 3509 412 3560 468.
423 3507 510 3561 battua
521 3527 568 3577 pro
580 3509 657 3560 uma
674 3512 715 3560 26.
904 3521 969 3563 stros
982 3509 1057 3574 artis,
1069 3509 1194 3581 quoniam
1208 3508 1235 3560 in
1242 3507 1327 3560 Gloss.
1344 3505 1436 3559 isidori

263 3642 276 3654 ᾖ
355 3594 413 3645 470.
440 3592 498 3644 Post
523 3591 590 3644 Istro
618 3589 689 3644 nulla
720 3590 853 3644 distinctio
895 3595 979 3663 flabri
996 3593 1114 3647 dicantur
1119 3593 1240 3666 fabulosi.
1264 3594 1347 3647 Vetus
1363 3590 1436 3643 scho-

319 3676 445 3744 reperitur
466 3673 492 3725 in
515 3673 573 3726 edd.
591 3673 761 3744 quibusdam,
774 3676 853 3726 etiam
903 3673 956 3726 lion
971 3677 998 3726 h.
1016 3673 1033 3728 Ι.
1051 3683 1105 3726 ests
1123 3679 1139 3706 ‘⁴
1149 3673 1176 3725 si
1188 3673 1377 3734 sandaliormn,
1398 3687 1437 3724 su·
1533 3691 1534 3710 t

320 3759 444 3821 Hennin,
458 3767 486 3810 et
497 3759 595 3828 llipont.
902 3767 971 3810 tores
984 3777 1012 3810 sc
1025 3777 1070 3827 per
1080 3757 1127 3809 lmc
1141 3755 1253 3809 abiectae
1265 3755 1340 3808 sortis
1352 3753 1437 3808 horni-

357 3851 413 3898 474.
430 3843 524 3895 Hostia
551 3844 659 3896 47-24.
686 3845 727 3895 27.
744 3845 853 3894 45-50.
903 3840 1437 3914 uesssisordanasolios,insaniislrorninis

320 3929 361 3979 59.
377 3931 483 3980 64-64.
501 3931 542 3979 68.
561 3933 603 3980 tt.
617 3931 658 3979 72.
670 3931 712 3979 73.
725 3931 767 3978 77.
902 3943 998 3977 nomen
1020 3935 1071 3978 ests
1094 3929 1115 3978 si
1133 3925 1337 3995 sandapilarum,
1359 3923 1436 3977 lecto·
1533 3915 1534 3952 ³

356 4009 640 4075 472;togatum56.59.
902 4025 976 4073 rum,
992 4008 1019 4059 in
1045 4007 1140 4078 quibus
1166 4008 1321 4078 gladiatores
1338 4005 1437 4060 mortui
1532 4013 1534 4054 t

356 4097 411 4143 474.
430 4091 587 4144 Permixtum
613 4091 717 4144 47-24,
742 4093 784 4142 27.
810 4093 851 4142 48.
902 4092 934 4144 de
948 4089 1135 4160 amphitheatro
1145 4091 1323 4154 eliciuntur„

321 4179 428 4228 ss-u.
444 4181 486 4232 sa.
520 4175 671 4228 ramma
689 4177 717 4227 u
738 4171 852 4241 reliquis.
939 4181 995 4229 ur.
1008 4175 1048 4227 atr
1063 4181 1103 4228 45.
1118 4183 1159 4230 ac.
1181 4181 1222 4230 rs.
1237 4181 1279 4229 sc.
1291 4182 1333 4229 ss.
1352 4179 1436 4226 snas
1532 4155 1534 4178 ¹

319 4255 370 4308 Sed
384 4255 427 4310 illa
440 4260 565 4328 scriptura
585 4257 764 4312 rectior-aut
779 4259 850 4330 suri·
904 4265 1092 4312 -63.65-69.
1106 4267 1213 4315 74-74,
1229 4268 1273 4315 77.
1285 4261 1331 4315 titt
1342 4266 1382 4315 48.
1397 4265 1435 4312 tr.

319 4341 849 4412 brt,uutfirgitivist0.lt.illiti.
898 4363 902 4370 ·
938 4345 1268 4406 t79.focieslt-47.23.

321 4431 430 4482 ss-tt.
448 4431 489 4480 25.
510 4429 617 4482 45-50.
637 4431 743 4482 Sl-GO.
764 4431 804 4480 62.
820 4433 852 4482 64
942 4430 999 4482 ⁴80.
1014 4433 1095 4482 mittes
1111 4434 1150 4482 46.
