3078 5494
320 379 416 476 224
768 393 991 456 rvvsrstts

319 599 536 694 Quaesitum
556 614 593 671 et
612 612 739 701 partos
758 594 886 698 gladio
902 595 962 672 vel
982 594 1122 700 pyxide
1142 604 1314 675 numos?
1409 637 1448 690 ις

319 716 409 788 Rari
429 716 571 818 quippe
591 713 702 787 honi:
723 739 903 788 numerus
924 713 982 790 vix
1004 711 1233 788 est'totidem
1245 770 1256 807 ,
1275 733 1374 820 quot

318 829 534 934 Thebarum
550 847 683 934 portae
703 825 908 916 veldivitis
928 831 1021 904 ostia
1041 827 1131 902 Nili.

320 949 428 1021 Nona
447 961 546 1020 aetas
566 948 690 1047 agitur
708 945 915 1046 peioraque
935 939 1085 1020 saecule
1099 943 1193 1018 ferri

320 1061 591 1166 Temporibus,
612 1086 775 1161 quorum
794 1049 924 1134 sceleri
940 1085 1017 1134 nou
1037 1061 1183 1135 invenit
1201 1061 1283 1162 ipsu
1308 1151 1311 1156 A

320 1179 467 1253 Nomen
486 1193 525 1250 et
542 1205 563 1249 a
581 1173 692 1249 nullo
717 1178 844 1278 posuit
863 1175 1004 1250 Natura
1026 1172 1190 1249 metallo.
1274 1211 1276 1218 ⁴
1410 1213 1449 1264 30

276 1300 279 1310 '
321 1295 398 1368 Nos
416 1293 610 1366 hominum
629 1291 840 1390 Divumque
857 1287 968 1363 fidem
986 1285 1337 1382 clamore'ciemus,

320 1411 472 1503 Quanto
488 1405 697 1482 Faesidium
714 1403 845 1479 laudat
866 1402 1004 1480 vocalis
1025 1421 1197 1507 agentem

321 1521 509 1628 Sportula.
560 1523 629 1596 Dic
648 1523 773 1596 senior
794 1520 899 1596 bulla
917 1521 1152 1624 dignissime,
1171 1525 1316 1611 nescis,

321 1638 573 1735 Quushabeut
591 1639 757 1713 Veneres
776 1635 898 1711 aliena
916 1640 1107 1742 pecunia?
1126 1639 1269 1728 nescis,

322 1757 443 1850 Quem
468 1771 531 1828 tua
549 1750 764 1856 simplicitas
783 1753 894 1826 risum
916 1750 1030 1854 vulgo
1051 1768 1209 1840 moveat,
1232 1777 1349 1853 quum
1398 1787 1432 1834 35

356 1987 396 2036 26.
419 2002 529 2036 muretus
543 1988 590 2036 trix
614 1994 650 2036 est
666 1984 768 2036 totidem
788 1981 854 2050 (6644.
906 1982 1018 2046 6666646,
1044 1980 1177 2051 maiorque
1204 1977 1371 2034 affirmationi
1397 1978 1438 2030 vts

322 2067 463 2120 hominnm
485 2066 652 2134 bonorum),
679 2079 737 2138 quot
761 2068 854 2133 (sunt)
906 2063 988 2127 inest,
1011 2073 1039 2116 64
1052 2082 1078 2117 r.
1091 2067 1134 2116 26.
1144 2074 1171 2116 64
1183 2068 1233 2127 27,
1258 2081 1339 2132 quum
1355 2063 1441 2114 iuter·

321 2151 464 2204 Thebarum
481 2163 571 2220 portee
590 2159 612 2203 4.
637 2156 677 2204 ts.
701 2154 742 2204 44.
762 2154 855 2202 tete.
905 2145 1438 2218 rogationi—BoissonadesdNicet.Vl,

322 2239 366 2289 70.
375 2239 416 2288 76.
431 2241 473 2288 76.
483 2245 509 2287 64
521 2235 546 2286 V
558 2233 632 2290 MSS.
645 2231 723 2284 Paris.
736 2241 765 2284 ut
778 2251 854 2284 exer·

320 2322 395 2385 644444,
408 2321 473 2370 cuitu
485 2337 596 2370 emmerus
606 2317 736 2369 duodecim
749 2316 855 2369 nutius

321 2399 375 2472 finit
391 2403 517 2470 sptium.
530 2401 596 2472 Nep.
610 2399 700 2470 lphicr.
715 2405 740 2452 2.
756 2418 855 2452 numm

320 2491 367 2540 vie
377 2499 434 2540 nuit
446 2488 548 2540 totidem
563 2491 602 2539 40.
620 2489 855 2540 45-47.49.24-

322 2573 418 2624 2744.
432 2575 473 2624 46.
486 2576 527 2624 47.
545 2575 587 2623 49.
605 2573 646 2622 50.
662 2573 771 2624 65-69.
789 2573 856 2622 74-

256 2681 259 2688 ·
321 2661 364 2707 74.
382 2661 422 2708 77.
431 2664 457 2706 64
474 2655 560 2706 XXIX
573 2650 646 2706 codd.
664 2651 741 2705 Peris-
762 2669 777 2704 e
794 2651 852 2721 qui-

324 2735 375 2788 bus
400 2735 465 2788 hanc
490 2735 544 2787 4664.
568 2733 678 2787 restituit
705 2733 769 2787 Ach.
791 2751 856 2801 qiree

324 2817 532 2870 emendationem
552 2817 657 2869 redolet.
681 2835 781 2870 mistero
801 2829 855 2870 tntu

323 2906 370 2954 vit
384 2905 427 2954 20:
442 2919 541 2952 omnem
555 2905 601 2952 vi:
613 2900 715 2952 totidem
728 2910 769 2952 44.
794 2899 851 2952 Nu·

324 3003 414 3037 merus.
441 2989 485 3038 rix
520 2997 574 3036 aaut
602 2983 708 3036 totidem
744 2983 857 3036 malebat

323 3067 450 3121 Sehurefl.
486 3077 621 3137 tunquam
656 3065 851 3120 convenientius

323 3149 392 3222 stylo
404 3154 503 3220 poetae.
548 3192 552 3202 .

358 3240 400 3290 27.
417 3236 497 3289 bestia
517 3240 556 3288 49.
578 3239 620 3288 20.
643 3237 685 3287 25.
704 3239 745 3288 45.
760 3241 800 3288 46.
814 3241 856 3288 47.

324 3325 366 3373 49.
382 3323 421 3374 57.
432 3325 472 3373 58.
481 3323 589 3372 64-67.

357 3408 402 3456 28.
418 3399 496 3455 Nova
509 3406 601 3454 4622.
617 3405 696 3472 igitur
712 3405 754 3454 22.
768 3403 856 3454 Fuere

907 2239 965 2286 444.
979 2233 1011 2284 de
1021 2232 1183 2304 χρυσῷγῦνιι
1195 2237 1286 2300 pato,
1296 2236 1357 2284 324.
1369 2237 1385 2260 “
1394 2233 1434 2282 lu-

906 2318 1003 2372 venalis
1013 2317 1112 2370 seecule
1126 2336 1171 2370 sue
1188 2315 1338 2388 plusquam
1356 2317 1437 2370 semea

905 2405 1018 2475 graviter
1044 2403 1157 2466 incuset,
1190 2419 1238 2453 nee
1262 2419 1289 2453 se
1314 2401 1439 2456 extrimnt

904 2487 1054 2556 interpretes
1070 2506 1086 2538 e
1105 2485 1190 2539 verbis
1211 2483 1262 2536 illis
1278 2503 1346 2537 norm
1362 2499 1439 2538 66466.

904 2569 991 2624 Codex
1010 2569 1165 2635 Thusuros,
1186 2586 1255 2621 nune
1268 2571 1442 2639 tegetes..

904 2653 964 2706 elias
996 2653 1061 2706 mibi
1087 2652 1202 2707 exhibuit
1232 2651 1357 2706 lectiones
1388 2651 1442 2718 (ab

904 2737 1054 2792 Acheiutrio
1075 2756 1128 2790 nou
1145 2739 1330 2803 memoratus),
1357 2755 1385 2787 v.
1398 2741 1445 2789 26·

904 2840 1032 2874 numerum
1046 2841 1091 2890 pro
1110 2839 1209 2872 immeto
1226 2833 1253 2874 et
1272 2838 1387 2871 1646661446
1392 2859 1400 2883 ,
1414 2838 1444 2872 ν.

904 2907 945 2956 28.
970 2901 1032 2956 lton
1049 2903 1113 2954 alias
1129 2905 1221 2972 aginae,
1242 2899 1312 2970 quod
1336 2900 1441 2969 perspi-

904 3002 983 3036 cuum
994 3003 1048 3038 esse
1062 2983 1172 3050 videtur,
1187 3001 1297 3053 nempe,
1314 2999 1370 3036 non
1385 2983 1443 3050 egi-

904 3076 949 3120 tur
961 3066 1012 3121 alio
1026 3067 1115 3132 modo;
1127 3066 1154 3120 hi
1168 3077 1229 3120 sunt
1237 3071 1445 3132 Romnemoresf

904 3151 942 3204 eie
958 3154 1055 3204 Romae
1066 3151 1174 3204 vivitur.
1180 3189 1201 3215 ‚,
1232 3149 1286 3202 Sed
1299 3151 1366 3202 alius
1383 3165 1443 3202 uon

904 3253 935 3286 eo
946 3252 1022 3287 seusu
1035 3233 1129 3287 dieitur
1141 3233 1253 3302 antiquis
1259 3232 1446 3301 scriptoribus,

904 3333 989 3384 neque
1010 3318 1095 3387 agitur
1109 3317 1134 3370 lu.
1147 3315 1207 3370 lde
1221 3319 1318 3381 Rome,
1341 3315 1447 3370 nedum

906 3399 973 3453 solu.

324 3485 370 3556 qui
386 3487 559 3540 conticerent:
579 3481 656 3539 Nure
677 3497 744 3538 aetas
763 3490 855 3554 agitur.
940 3489 981 3536 32.
1003 3483 1112 3553 Quaerdo
1132 3479 1209 3554 legit,
1236 3493 1305 3538 certe
1325 3483 1353 3535 in
1367 3499 1438 3537 vers.

323 3569 481 3622 Praestiterit
500 3567 611 3635 Nonne,
623 3569 666 3620 vel
677 3611 684 3636 ,
696 3571 766 3638 quod
780 3567 856 3623 44646.
907 3569 1033 3619 German.
1047 3565 1168 3637 expressit
1186 3567 1290 3620 Belerdt.
1312 3565 1364 3620 Sed
1378 3565 1442 3619 vul-

324 3651 458 3722 iugeniose
472 3651 593 3714 coniecit,
616 3649 678 3706 Non
693 3665 761 3704 uetus
774 3653 857 3721 agitur
905 3661 963 3722 gete
978 3651 1054 3705 lectio
1063 3653 1140 3722 longe
1148 3651 1239 3720 aptior,
1251 3662 1277 3704 et
1285 3655 1314 3704 in
1320 3671 1350 3704 eu
1359 3651 1445 3710 maior

323 3765 399 3782 ··--
410 3737 533 3788 4446464467
552 3737 619 3790 Nam
642 3755 690 3787 nen
710 3753 784 3806 saepe
801 3737 853 3788 disi
907 3735 949 3788 vis
971 3735 1214 3789 est-Faesidium
1232 3745 1255 3787 4.
1277 3741 1320 3790 tt).
1337 3743 1379 3788 44.
1401 3741 1445 3790 42.

324 3839 474 3889 prosterne,
493 3831 581 3872 monet
599 3818 643 3872 ille
656 3817 744 3886 66444,
758 3827 799 3873 64.
815 3825 855 3884 52ΙΙ
908 3825 949 3869 44.
960 3823 998 3870 45.
1014 3823 1051 3870 48.
1063 3821 1154 3870 2264.
1171 3821 1210 3868 55.
1221 3819 1261 3870 76.
1280 3822 1322 3869 76.
1341 3823 1380 3870 76.
1397 3821 1444 3870 82.

324 3907 429 3956 Terent.
447 3902 530 3956 Andr.
552 3904 598 3967 tv,
618 3909 708 3965 4,43.
721 3903 754 3967 V,
771 3906 799 3967 2,
815 3913 856 3958 tt.
896 3904 1045 3956 'Fessiclium
1064 3908 1105 3956 20.
1130 3906 1171 3955 24.
1196 3906 1238 3956 26.
1259 3907 1302 3954 27.
1326 3905 1369 3956 47.
1392 3905 1439 3954 48.

324 3985 446 4056 Heusing.
458 3985 491 4038 nd
501 3985 552 4038 cte.
571 3984 603 4037 de
615 3987 657 4040 644
671 3988 716 4051 444,
734 3991 774 4039 49.
787 3989 857 4040 Cort.
906 3991 948 4040 60.
968 3991 1075 4040 66-69.
1092 3991 1215 4040 74-74.
1242 3991 1283 4038 77.
1312 3983 1443 4036 Feside'um

325 4067 359 4122 ad
384 4067 447 4122 Sall.
475 4069 500 4122 b.
525 4070 631 4140 lug.3t.
651 4080 676 4122 et
700 4069 806 4122 Heinsio
824 4069 855 4122 ed
908 4075 948 4122 49,
967 4067 1168 4136 Ρ1ι664ἀὶιν624.
1183 4073 1224 4120 23.
1238 4071 1280 4119 46.
1295 4072 1337 4120 46.
1349 4065 1445 4118 Ptec-

326 4152 399 4222 Virg.
424 4155 490 4205 Aen.
518 4154 565 4215 IX,
597 4159 652 4204 443.
679 4152 736 4205 Alia
760 4153 815 4207 loeo
840 4173 855 4206 6
904 4153 993 4205 sidium
1018 4159 1061 4204 49.
1086 4149 1443 4205 manumissionum

325 4235 455 4288 Schellero
470 4237 497 4287 in
517 4238 578 4288 Lex.
597 4237 653 4290 Lat.
673 4235 775 4290 laudate
794 4248 855 4292 sunt
906 4237 1078 4290 46.-466464
1090 4242 1132 4290 25.
1144 4242 1185 4290 56.
1200 4240 1292 4290 6769.
1311 4240 1354 4290 69.
1379 4258 1382 4266 ·

325 4329 351 4370 64
365 4335 379 4368 e
391 4336 432 4370 me
446 4320 477 4370 ad
496 4319 551 4371 Liv.
568 4319 612 4384 lV,
626 4325 651 4384 4,
665 4324 689 4371 2.
708 4318 749 4372 Sic
767 4331 854 4374 temen
938 4325 978 4372 34.
995 4319 1064 4373 abest
1082 4339 1097 4376 e
1114 4328 1151 4376 46.
1162 4329 1186 4374 64
1200 4331 1257 4392 post
1271 4340 1297 4376 v.
1314 4325 1356 4374 35.
1370 4317 1438 4389 legi-

326 4398 429 4472 lungttet
456 4400 534 4458 dictio
561 4399 605 4458 itta
631 4413 698 4455 aetus
724 4406 806 4473 agitur
830 4415 853 4456 ct
904 4413 946 4459 tur
959 4405 985 4457 iu
1002 4411 1041 4460 49.
1101 4465 1102 4468 ¹
