3120 5494
617 451 766 512 ιιιιιιι
802 453 828 510 ι.
1184 421 1277 546 349

166 647 377 740 Auriculis,
395 649 533 753 quibus
551 666 589 723 et
604 648 705 724 dicas
723 645 1021 754 cuteperditus',
1040 647 1142 723 ohel

166 771 285 862 «Quo
302 765 569 858 didicisse,nisi
579 767 651 842 hoc
661 763 888 841 fermentum
900 783 1046 868 etquae
1058 763 1170 841 semel
1181 767 1282 842 intus

165 888 298 960 Innatat
316 903 393 977 est,
410 902 525 987 rupto
544 888 669 960 iecore
691 885 823 958 exierit
842 881 1105 987 caprificus?>³

164 1005 226 1080 En
246 1002 371 1108 pellor
391 1003 629 1107 seniumquel
645 1003 677 1075 Ο
691 1001 828 1076 moresl
847 999 1131 1104 usqueadeone

166 1123 271 1196 Scire
289 1137 395 1196 tuum
414 1118 510 1194 nihil
530 1137 605 1210 est,
623 1122 693 1194 nisi
711 1137 748 1194 te
769 1120 864 1195 scire
883 1119 956 1193 hoc
974 1120 1066 1194 sciat
1084 1119 1208 1195 alter?

166 1323 350 1394 recitandoqus
366 1322 501 1379 inservire.
514 1317 615 1376 Aelian.
626 1323 701 1375 v.t1.
751 1341 832 1393 quae,
848 1321 912 1375 dum
930 1321 1038 1393 cispiunt
1059 1320 1190 1395 evulgari,
1212 1341 1284 1377 rum·

166 1411 217 1473 ιιι,
247 1417 271 1462 t.
296 1406 341 1461 sel
368 1405 482 1462 tarmen
507 1399 535 1460 ιῦ
564 1406 633 1476 pete
654 1405 701 1467 τὰς
733 1416 816 1476 ‚punt
829 1405 915 1472 iecur,
931 1416 960 1460 ut
978 1407 1110 1476 caprificus
1127 1425 1224 1460 muros.
1245 1411 1284 1461 De

156 1493 257 1554 ‘dende
751 1490 879 1544 industria
915 1491 1008 1544 Noster
1037 1491 1214 1546 adversarium
1238 1493 1286 1546 ista

201 1575 398 1630 aeduinum
416 1573 536 1628 iteratum
556 1573 606 1628 hoe
626 1583 702 1644 auget
750 1572 920 1628 similitudine
937 1583 1054 1628 utentem
1071 1575 1185 1641 inducit,
1211 1583 1239 1628 ut
1259 1583 1286 1628 et

166 1659 205 1713 rei
218 1658 408 1728 indignitatem.
421 1659 505 1729 quidm
527 1647 613 1711 ilices:
636 1658 700 1724 alte,
751 1675 835 1727 genus
860 1657 940 1711 studii
961 1668 988 1710 et
1010 1659 1124 1728 pruritus
1142 1659 1283 1714 vehemen-

167 1743 187 1796 i.
201 1761 224 1796 e.
238 1740 358 1794 auriculis
371 1759 462 1794 eorum
481 1739 634 1805 hominum,
653 1741 702 1811 qui
751 1743 828 1806 tiam,
843 1761 893 1812 qua
906 1741 938 1795 ad
956 1741 1123 1796 scribendum
1138 1753 1163 1796 et
1176 1744 1286 1797 recitan-

168 1825 197 1878 in
214 1823 343 1878 laudando
359 1835 385 1878 te
396 1843 505 1879 omnem
518 1824 701 1879 verecundiam
751 1823 815 1876 dum
843 1824 1024 1895 compellatur,
1055 1825 1107 1898 ipse
1130 1825 1183 1880 suis
1209 1826 1287 1896 ipsius

169 1921 197 1964 et
209 1909 333 1981 pudorem
348 1909 412 1964 adeo
425 1910 535 1975 tollunt,
552 1921 581 1964 ut
596 1911 702 1964 tandem
752 1905 837 1958 verbis
851 1903 968 1958 declaret.
999 1906 1199 1960 Observandum
1211 1927 1287 1977 prae-

169 1991 224 2062 ipse
242 2011 332 2047 eonrrn
349 1991 451 2064 plausus
465 1995 580 2048 lastidias
592 2004 617 2050 et
632 1993 702 2046 lasti·
754 2003 825 2046 terea
838 2005 894 2052 est,
912 1993 1089 2046 aduersarium
1103 1993 1134 2046 ab
1148 1993 1197 2046 alia
1210 1991 1283 2047 simi-

171 2062 249 2126 dium'
275 2083 349 2127 tuum
380 2073 491 2127 declares
516 2072 701 2127 exclamando:
751 2074 871 2141 titudine,
880 2097 894 2130 a
895 2077 1023 2151 sarmento
1035 2078 1181 2148 desumpta,
1194 2077 1286 2142 ordiri,

171 2158 235 2211 olle!
248 2187 282 2200 -
294 2171 318 2210 et
328 2171 381 2211 osae
392 2159 516 2229 perditus,
539 2158 639 2214 etiamsi
652 2175 699 2210 na·
752 2179 831 2232 quam
845 2161 930 2214 statim
939 2200 949 2226 ,
970 2171 1000 2214 ut
1023 2161 1110 2216 sensui
1131 2180 1177 2214 suo
1200 2160 1287 2214 minus

157 2243 245 2294 ‘turae
274 2241 364 2314 aliquo
380 2243 445 2296 citio
474 2243 625 2297 erubescere
651 2261 703 2295 non
752 2243 965 2313 respondentem,
982 2243 1152 2317 inperfectam
1167 2243 1289 2314 relinquit

172 2325 265 2397 possis;
285 2326 333 2380 hoc
345 2329 417 2380 euim
439 2325 581 2396 significare
601 2326 706 2380 videtur
753 2336 780 2380 et
792 2326 824 2379 ad
838 2328 916 2378 aliam
934 2325 1032 2380 transit.
1055 2325 1106 2379 Sed
1127 2337 1153 2380 et
1172 2325 1210 2380 illi
1219 2329 1284 2400 jer·

157 2407 227 2463 ''eaee
239 2412 365 2480 perditus,
384 2411 439 2466 sive
455 2409 520 2465 illud
534 2411 567 2462 de
583 2425 649 2480 aqua
660 2409 702 2462 in·
753 2424 887 2464 montosus
901 2410 940 2464 vis
951 2420 998 2476 est,
1011 2412 1206 2482 vanitatemque
1219 2411 1288 2465 illius

173 2503 271 2547 terente
298 2493 431 2548 laborante
453 2493 510 2547 sive
535 2492 567 2547 de
590 2492 705 2549 scabioso
754 2491 834 2544 studii
848 2491 1019 2562 indicat.qua
1032 2493 1070 2557 is,
1082 2493 1123 2546 cui
1137 2491 1201 2547 illud
1214 2493 1288 2560 inest,

174 2575 293 2646 adcipias.
411 2637 418 2648 .
753 2573 856 2628 inflatus
869 2575 988 2628 redditur
999 2587 1024 2630 et
1036 2575 1160 2630 tumidus.

208 2665 317 2717 24-26.
331 2660 399 2732 Quid
413 2663 485 2718 iuvat
498 2671 600 2726 autem,
615 2661 705 2717 otiien
787 2662 829 2712 26.
853 2659 890 2712 Vt
911 2657 1041 2728 inpensius
1060 2662 1139 2712 etiam
1161 2658 1288 2716 recitandi

173 2741 248 2808 alter,
262 2753 363 2797 tautum
375 2745 454 2800 studil
463 2757 490 2800 et
502 2744 596 2800 loboris
606 2748 633 2797 in
647 2743 704 2798 lite-
753 2740 868 2793 studium
894 2753 1010 2807 excuset,
1031 2741 1116 2796 addit.-
1147 2743 1193 2796 En
1203 2744 1288 2814 pallor

174 2824 210 2877 ris
226 2824 356 2895 posuisse,
384 2825 448 2892 nisi,
465 2826 526 2895 quid
550 2825 705 2895 profecerit,
754 2827 900 2895 saeuamque.
918 2826 987 2878 Haec
1005 2825 1084 2877 verba
1098 2823 1192 2896 vulgo,
1213 2824 1254 2880 vel
1272 2844 1288 2877 a

61 2975 67 2983 Ι
175 2906 328 2962 etiamattts
344 2910 502 2975 innoteseat,
522 2919 550 2961 ut
563 2907 665 2962 laudem
680 2919 720 2984 et,
754 2907 858 2974 Ileiaio,
885 2907 971 2960 Persio
992 2903 1158 2972 tribuuntur,
1177 2918 1204 2962 at
1219 2907 1290 2962 ltaud

174 2989 301 3062 gloriam,
329 2993 473 3046 studiorum
503 3003 529 3046 et
556 2992 706 3064 vigiliarum
754 2993 806 3044 scio
821 3011 854 3046 an
869 2992 962 3046 melius
977 2993 1031 3046 eius
1044 2993 1203 3060 edversario,
1219 2993 1286 3046 reci·

160 3071 304 3141 inimum,
324 3075 371 3130 tibi
383 3075 505 3146 conligas.
754 3073 825 3129 tandi
846 3094 949 3129 causam
980 3076 1081 3148 agenti,
1104 3076 1290 3149 adsignentur,

207 3165 251 3214 24.
263 3165 306 3215 25.
319 3161 471 3214 Docti-inem
481 3161 562 3225 illam,
574 3181 638 3231 quae
651 3159 706 3214 eliis
755 3157 828 3228 quasi
845 3157 928 3212 dicat:
943 3157 1018 3223 vide,
1032 3169 1158 3229 quantum
1172 3159 1251 3212 studii
1263 3168 1289 3212 et

174 3262 202 3297 se
221 3243 314 3298 iactare
333 3245 424 3316 gestit,
443 3245 563 3316 expressit
588 3263 632 3314 per
641 3247 703 3317 ser·
755 3239 856 3294 sudoris
874 3241 921 3308 (id
935 3241 1005 3293 enim
1018 3259 1063 3312 per
1073 3243 1195 3313 pallorem
1210 3253 1235 3295 et
1250 3263 1289 3296 se-

174 3340 290 3394 mentum,
304 3327 374 3397 quod
382 3346 504 3392 massam,
516 3327 706 3380 cuiadmisturn
755 3328 823 3379 ttium
839 3323 1012 3396 intelligitur)
1044 3325 1072 3377 ln
1086 3343 1116 3378 tta
1130 3343 1158 3378 re
1170 3343 1291 3379 consum·

176 3423 230 3476 est,
244 3411 317 3465 inflat
329 3411 506 3483 tumidamque
519 3411 614 3476 reddit,
626 3423 651 3464 et
661 3431 707 3482 per
756 3417 830 3476 ptum
844 3411 891 3478 sit,
907 3427 986 3480 quam
998 3409 1066 3461 male
1082 3408 1244 3464 conlocatum
1262 3409 1289 3463 id

175 3483 245 3566 sopri
267 3515 321 3548 eum
329 3535 338 3560 ,
357 3515 436 3568 qnae,
448 3514 530 3566 quum
542 3495 624 3550 muris
633 3497 707 3548 inne·
756 3492 839 3556 soret,
857 3491 905 3545 nisi
920 3492 1009 3546 laudes
1022 3491 1118 3546 civium
1126 3531 1136 3556 ,
1151 3494 1222 3561 quasi
1235 3493 1290 3545 sru-

175 3578 271 3642 scitur,
291 3578 398 3633 illorum
414 3579 576 3650 compagines
591 3577 655 3632 solet
667 3577 703 3630 la·
756 3586 812 3628 ctus
829 3575 965 3647 inpensae,
978 3575 1039 3628 inde
1055 3573 1227 3647 conliguntur.
1239 3576 1291 3629 Mi-

175 3680 245 3714 xare.
258 3665 381 3717 Ceterum
393 3674 491 3734 qraoest
503 3663 530 3716 h.
543 3659 560 3715 l.
573 3661 613 3715 cui
628 3663 707 3728 bono,
756 3659 893 3712 sericordia
916 3658 1007 3714 saltem
1027 3660 1144 3712 Persium
1161 3677 1287 3712 conrum-

176 3763 254 3814 quem
272 3745 300 3799 in
316 3751 404 3800 linem.
438 3759 508 3818 rupto
524 3751 617 3808 iecore,
637 3757 705 3800 tarn·
756 3762 816 3813 pere
833 3743 936 3808 studet,
962 3761 1040 3812 quern
1066 3743 1165 3796 ratione
1181 3761 1290 3795 movere
1337 3789 1341 3800 ‚

176 3849 254 3900 quam
271 3833 341 3886 muri
358 3830 524 3904 compagibus
536 3831 580 3884 illa
591 3832 708 3900 caprifico
757 3827 882 3900 desperat.
925 3827 1075 3882 Omores!
1108 3826 1291 3881 exclamatione

176 3917 266 3983 ruptis.
284 3916 372 3980 tear,
386 3927 416 3969 ut
439 3914 570 3988 sanguinis
590 3913 707 3979 officina,
757 3911 866 3965 solemni
890 3911 973 3966 utitur
1001 3910 1117 3978 Persius,
1141 3927 1291 3981 perversam

176 3998 250 4052 sedes
260 3999 378 4052 omnium
395 3998 558 4062 adfectuum,
575 3997 708 4068 praecipue
758 3995 887 4067 cogitandi
899 3998 1027 4050 rationem
1040 3995 1067 4048 h.
1080 3995 1099 4049 l.
1117 4005 1257 4066 spectante.

176 4081 305 4150 libidinis,
321 4101 386 4156 quae
406 4081 555 4136 huiusmodi
581 4083 708 4146 carmina,
740 4097 743 4104 ⁴
792 4085 835 4136 27.
849 4083 957 4135 Sensus:
975 4079 1073 4133 adeone
1090 4077 1145 4132 laus
1163 4078 1217 4132 sola
1233 4077 1292 4132 finis

178 4165 210 4219 de
227 4166 320 4238 quibus
342 4167 368 4218 h.
391 4164 408 4218 l.
430 4184 517 4220 sermo
543 4175 596 4232 est,
622 4163 710 4218 dictat.
759 4173 801 4218 eat
817 4163 980 4229 studiorum,
1002 4163 1100 4216 adeone
1117 4173 1169 4216 tota
1186 4162 1291 4216 scientia

156 4249 376 4320 'Proptereaea,
404 4268 470 4320 quae
485 4247 576 4302 studiis
596 4247 648 4300 suis
662 4246 709 4300 sibi
758 4247 791 4301 ad
808 4249 1006 4302 ostentationem
1024 4247 1292 4318 comparata‘estllo-

177 4331 293 4406 paravit,
313 4331 386 4404 quasi
403 4334 486 4386 iecore
496 4341 616 4402 concepta
627 4341 652 4384 et
665 4329 708 4382 in·
759 4340 816 4384 tum
828 4340 866 4384 est
878 4333 1007 4384 Graecum
1018 4331 1199 4402 proverbium:
1216 4327 1291 4384 otidis
1334 4342 1344 4362 ‘

179 4427 254 4484 cteta,
269 4427 298 4473 ut
308 4418 440 4492 capriliotn
454 4416 550 4484 muris,
563 4418 711 4490 finguntur,
738 4435 741 4446 ·
761 4415 813 4490 γὰρ
827 4411 911 4488 ὄφελος
923 4411 1068 4489 ἀκορρἡον
1082 4419 1146 4487 φασι
1164 4415 1209 4470 καὶ
1221 4413 1287 4483 ripa-
