3078 5494
287 353 382 446 252
732 379 955 440 tvvrutms

332 579 455 656 Vivite
473 577 641 652 contenti
655 574 789 651 casulis
808 594 846 650 et
864 575 1024 652 collibus
1042 579 1141 668 istis,

282 697 315 769 Ο
332 695 463 798 pueri,
481 695 624 766 Marsus
643 689 792 764 dicebat
808 708 846 764 et
864 692 1048 766 Hernicus
1067 691 1157 766 olim
1348 733 1401 782 ⁴80

281 801 538 909 Vestinusque
559 833 669 883 senex
681 835 691 895 ;
712 833 845 911 panem
866 809 1097 910 quaeramus
1109 821 1256 898 aratro,
1289 881 1290 885 ,

282 931 357 1023 Qui
378 929 463 1001 satis
483 943 539 1000 est
554 927 710 998 mensis:
729 923 885 998 laudant
904 925 976 999 hoc
995 926 1150 998 numina
1171 929 1294 1017 ruris,
1377 1014 1380 1020 A

282 1047 451 1138 Quorum
470 1067 543 1144 ope
562 1056 600 1113 et
625 1037 783 1128 auxilio,
802 1055 928 1140 gratae
949 1057 1034 1140 post
1052 1067 1186 1116 munus
1206 1043 1363 1134 aristae,

282 1161 517 1259 Contingunt
534 1157 676 1229 homini
694 1157 828 1230 veteris
847 1152 992 1228 fastidia
1010 1181 1183 1258 quercus.

284 1271 346 1349 Nil
366 1274 521 1350 vetitum
541 1271 672 1346 fecisse
692 1268 811 1359 volet,
833 1297 945 1371 quem
966 1296 1044 1343 non
1063 1271 1182 1374 pudet
1200 1270 1278 1347 ulto
1350 1311 1403 1358 435

281 1393 356 1465 Per
376 1391 529 1492 glaciem
548 1412 692 1491 perone
713 1388 811 1488 tegi:
829 1375 893 1491 qui
913 1386 1104 1464 submovet
1123 1391 1244 1464 Euros

281 1501 448 1588 Pellibus
467 1503 633 1578 inversis.
660 1501 862 1602 Peregrina
881 1503 1085 1602 ignotaque
1103 1502 1211 1576 nobis

281 1619 341 1693 Ad
352 1617 471 1693 scelus
491 1633 605 1720 atque
616 1615 733 1710 nefas,
747 1641 1006 1718 quaecumque
1018 1615 1392 1722 est,purpuraducit.

334 1733 433 1806 Haec
451 1730 508 1806 illi
526 1749 670 1808 veteres
689 1749 891 1835 praecepta
911 1733 1138 1806 minoribus:
1160 1752 1197 1806 at
1215 1757 1318 1806 nunc

280 1849 368 1924 Post
389 1848 499 1922 finem
519 1851 709 1921 auctumni
730 1847 849 1920 media
868 1847 916 1920 de
937 1865 1048 1922 nocte
1069 1853 1243 1952 supinum
1348 1885 1395 1962 ⁴⁹9

281 1961 471 2038 Clamosus
493 1965 662 2039 iuvenem
683 1979 790 2064 pater
808 1963 965 2036 excitat:
987 1965 1113 2066 accipe
1133 1988 1253 2049 ceras,

282 2079 433 2168 Scribe,
451 2104 569 2182 puer,
587 2076 719 2179 vigila,
739 2101 866 2150 causas
886 2103 974 2178 age,
995 2078 1146 2180 perlege
1167 2077 1302 2152 rubras
1375 2080 1378 2086 ’

281 2198 467 2270 Maiorum
485 2192 586 2296 leges
606 2211 675 2267 aut
689 2195 800 2287 vitem
819 2217 931 2295 posce
948 2190 1090 2268 libello.
1134 2202 1138 2210 '

281 2309 357 2384 Sed
377 2325 490 2413 caput
507 2311 689 2382 intactum
707 2307 808 2380 buxo
828 2307 1013 2405 naresque
1033 2305 1169 2409 pilosas

281 2429 448 2498 Annotet
466 2438 504 2496 et
522 2421 681 2524 grandes
702 2423 857 2494 miretur
874 2418 1021 2492 Laelius
1041 2415 1126 2493 alas.
1179 2477 1182 2488 .
1311 2495 1313 2501 ,
1350 2457 1401 2503 ⁴95

280 2542 397 2614 Dirue
415 2541 634 2612 Maurorum
653 2537 827 2637 attegias,
848 2532 999 2608 castella
1019 2535 1261 2636 Brigantum,

281 2656 333 2727 Vt
350 2651 578 2756 locupletem
596 2651 758 2752 aquilam
780 2649 847 2722 tibi
866 2640 1110 2750 seiugesimus
1130 2675 1250 2723 annus

285 2768 425 2842 Afferat
436 2795 446 2856 ;
465 2783 549 2858 aut,
566 2765 697 2868 longos
717 2781 924 2840 castrorum
943 2763 1043 2838 ferre
1062 2761 1209 2838 labores

283 3045 348 3100 nolis
364 3046 430 3100 forte
451 3045 531 3100 menti
548 3045 739 3099 obversabatur.
755 3047 812 3098 Vox
862 3018 937 3100 Msl.
955 3046 1032 3098 Paris.
1049 3063 1102 3098 oon
1129 3045 1240 3115 improb.
1266 3044 1400 3098 Sdiurzll.

284 3142 360 3182 meua
376 3128 498 3201 languet,
523 3131 645 3199 ‹luoniurn
666 3145 725 3181 cum
746 3147 813 3182 reve·
863 3125 906 3196 qui
919 3125 1076 3194 comparavit
1090 3127 1136 3178 Gr.
1148 3125 1222 3178 ἅπτει
1234 3126 1314 3196 κόρος.
1329 3125 1403 3178 Con·

283 3216 363 3266 rania
373 3213 456 3283 legum
472 3213 597 3284 iungitur.
863 3222 969 3261 lemnum
982 3211 1093 3262 Imminet
1109 3215 1149 3262 43.
1166 3209 1302 3282 Effiagiwtt
1314 3209 1403 3262 bomi-

319 3301 377 3348 479.
392 3297 431 3348 tis
442 3297 530 3348 caudit
545 3303 584 3349 45.
864 3310 907 3344 ner
920 3296 1015 3346 50.6‹l.

318 3385 376 3433 462.
393 3379 443 3448 Qui
453 3379 611 3432 restituimur
622 3397 652 3432 ex
666 3388 706 3432 tt.
721 3384 763 3431 42.
773 3384 814 3432 43.
899 3380 957 3432 486.
974 3375 1034 3428 Post
1046 3375 1115 3428 hunc
1136 3391 1239 3427 versum
1253 3375 1280 3426 in
1297 3379 1336 3427 46.
1351 3375 1400 3426 in·

284 3465 510 3516 46-29.29-27.
525 3465 624 3514 «ss-50
649 3469 689 3516 56.
706 3467 813 3515 67-69.
864 3467 996 3510 terrorest
1009 3459 1073 3510 iste:
1095 3458 1228 3510 Frondem
1247 3460 1403 3526 pariture-

285 3549 428 3600 tritta.
438 3550 529 3599 7676.
543 3553 569 3597 el
585 3546 660 3600 MSS.
675 3545 816 3598 Parisino·
864 3547 944 3613 quiem
958 3560 1083 3613 capessere
1095 3523 1168 3594 lecto.

286 3635 341 3680 444444
355 3644 409 3679 non
429 3626 559 3680 omnibus.
579 3628 640 3696 Quis
658 3632 700 3680 49.
718 3633 758 3680 44,
775 3632 815 3681 45.
901 3631 959 3678 488.
981 3626 1148 3696 wdetorpe
1169 3630 1209 3678 43.
1230 3630 1272 3678 49.
1297 3628 1338 3678 55.
1355 3631 1403 3678 64.

285 3712 376 3762 24.22.
392 3715 431 3760 54.
448 3715 489 3762 56.
505 3714 547 3762 70.
563 3716 604 3762 7⁴.
620 3717 662 3763 77.
677 3715 719 3762 82.
745 3709 816 3780 quod
866 3713 907 3762 62.
921 3712 1199 3761 63.65-69.7t-74.

283 3794 371 3844 minus
384 3801 473 3862 aptum
486 3792 602 3855 videtur,
627 3793 676 3846 nisi
694 3793 759 3846 sorte
779 3793 815 3845 ila
901 3797 958 3845 489.
976 3804 999 3844 et
1016 3810 1080 3844 nuuc
1098 3799 1138 3844 46.

282 3876 396 3929 iunxerit
408 3877 500 3930 verba:
514 3889 597 3929 maten
611 3895 701 3947 panem
713 3895 815 3946 quaera-
901 3879 956 3927 492.
981 3875 1065 3946 vigila
1082 3895 1113 3927 oe
1129 3895 1214 3928 corum
1229 3895 1279 3946 age
1294 3883 1336 3929 47.
1359 3881 1404 3928 49.

283 3979 336 4012 mus
352 3963 440 4014 atensis
453 3961 555 4021 nostrie,
569 3965 680 4030 quitatis
690 3974 744 4026 ¹ert,
759 3961 815 4031 qui·
865 3961 934 4029 vigit
950 3979 980 4012 ar
997 3966 1037 4010 46.
1052 3965 1079 4011 24
1098 3978 1113 4011 a
1127 3977 1163 4012 m.
1181 3977 1231 4014 set.
1245 3967 1287 4013 22.
1301 3964 1344 4014 28.

283 4042 331 4095 bus
344 4041 434 4096 sufficit
448 4044 569 4114 panis-—
582 4045 685 4096 laudant
699 4043 760 4096 laer
775 4051 815 4096 44.
902 4048 956 4096 494.
967 4041 1262 4113 ὃὶιοαριιε44.20.ρ404).
1271 4044 1404 4099 sehurzu.

287 4128 316 4176 24
335 4141 350 4176 a
363 4143 399 4176 m.
416 4143 465 4178 sec.
480 4131 519 4178 22.
534 4131 577 4181 23.
867 4135 977 4197 putans,
995 4144 1057 4178 voce
1070 4127 1115 4178 red
1130 4127 1227 4180 turbari
1238 4145 1353 4183 nutum.

318 4209 545 4282 wlcontingrml
555 4211 815 4263 hominatutmt.
905 4215 961 4262 495.
976 4209 1092 4262 Advorrt
1107 4217 1146 4264 46.

285 4295 395 4343 47-24.
412 4295 569 4346 27.45-49.
580 4299 621 4346 54.
637 4299 679 4347 55.
695 4298 736 4346 56.
752 4296 817 4344 69-
903 4298 960 4345 496.
979 4294 1057 4346 Dirae
1073 4292 1194 4346 maio'rwn
1207 4297 1247 4346 20.

284 4377 324 4426 63.
350 4377 460 4429 65-69.
489 4382 597 4431 44-44.
627 4381 668 4434 47.
691 4385 718 4431 et
742 4375 818 4428 XXX
906 4381 961 4430 498.
979 4380 1265 4430 444446464445.
