3046 5498
315 343 419 446 'triv
461 351 463 356 ’
532 389 537 394 ·
721 369 830 443 vrrs
863 371 1094 442 inveniris

712 611 904 691 Iuventus
922 609 1088 714 56-44.

516 759 558 835 Α.
578 761 625 834 V.
646 763 684 836 C.
705 760 923 836 sno-858.
952 763 1101 836 Cumsrr
1125 759 1288 854 77-85.

380 936 548 1029 Britannia
569 975 599 1027 et
622 965 759 1029 Orcades
780 965 894 1027 insulae
925 975 1141 1049 expugnantur
1162 965 1199 1026 ab
1220 965 1388 1050 Agricola,
1428 985 1480 1048 qn

340 1070 440 1124 tamen
455 1064 622 1124 Hiberniae
643 1062 840 1145 occupandae
861 1061 1023 1123 consilinm
1046 1063 1170 1145 exsequi
1194 1071 1401 1147 uontpotestt
1427 1081 1480 1122 ses

339 1168 499 1220 resocatus
520 1181 535 1217 a
558 1158 740 1218 Domitiano
761 1159 794 1218 in
817 1158 879 1219 otio
895 1153 987 1232 sivit,
1008 1166 1041 1217 ut
1063 1157 1186 1240 tyranni
1203 1157 1325 1220 insidias
1338 1155 1480 1239 effugiat

340 1265 371 1316 et
392 1255 523 1315 moritur
544 1277 569 1314 n.
590 1252 630 1320 V.
652 1275 679 1316 c.
704 1255 774 1330 846.
807 1275 925 1315 veneno
958 1261 1100 1328 necatus,
1131 1253 1214 1338 quod
1245 1255 1336 1338 uulgo
1364 1254 1480 1316 saitem

340 1351 533 1414 credebatur.
554 1352 601 1412 ef.
622 1350 658 1412 ad
681 1351 744 1414 Sat.
781 1351 823 1424 ΙΙ,
857 1353 912 1428 159
945 1371 1006 1434 seq.
1027 1351 1084 1426 IV,
1110 1373 1176 1434 ¹²7·
1201 1352 1292 1426 XIV,
1317 1352 1384 1435 195.
1407 1347 1480 1410 XV

344 1453 409 1526 ¹24·
433 1449 538 1510 Gallia
559 1446 730 1508 causidicos
750 1447 856 1508 docuit
867 1445 1016 1530 facunda
1038 1447 1208 1510 Britannos
1227 1449 1290 1510 Sat.
1305 1447 1386 1524 XV,
1412 1467 1477 1506 ιιι

643 1651 647 1660 ’
760 1653 1036 1760 Ivrnurn1s39.

636 1803 678 1878 A.
698 1807 745 1879 V.
764 1803 805 1879 G.
825 1803 912 1880 833.
940 1807 1090 1882 Cunrsrr
1113 1809 1174 1881 80.

382 2023 554 2101 luvenalis,
574 2023 629 2107 qni
650 2023 688 2085 nd
709 2021 840 2086 mediam
861 2025 927 2087 fere
948 2033 1076 2088 aetatem
1099 2025 1339 2103 declamaverat,
1358 2025 1402 2088 ab
1418 2024 1480 2088 bor

283 2165 286 2176 ·
343 2133 504 2206 tempore,
524 2142 691 2204 paucorum
713 2141 856 2184 versuum
879 2121 977 2182 Satira
1009 2141 1071 2184 non
1102 2121 1231 2185 absurde
1251 2123 1425 2208 composita
1451 2123 1480 2184 in

342 2218 488 2281 Paridem
522 2227 552 2279 et
582 2217 733 2290 Statium,
766 2216 826 2278 boc
846 2239 942 2301 genus
963 2217 1133 2303 scripturae
1162 2218 1309 2280 industrie
1339 2217 1480 2292 mentita

344 2317 398 2380 sed
415 2317 469 2378 diu
484 2336 523 2378 ne
537 2313 661 2376 modico
675 2313 798 2397 quidem
814 2311 966 2376 auditorio
980 2313 1148 2398 quidquam
1165 2313 1357 2379 committere
1369 2315 1480 2390 suadet,

342 2422 471 2496 propter
492 2409 687 2495 tyrannidem
709 2410 891 2474 Domitiani.
911 2410 957 2472 Ita
977 2411 1142 2474 Suetonius
1164 2413 1195 2472 in
1217 2413 1307 2485 Vita3
1327 2411 1480 2497 adquam

341 2507 421 2572 bene
443 2509 519 2570 liaeo
533 2503 689 2568 adnotavit
708 2505 852 2567 Oudend.
891 2534 906 2562 a
921 2506 1013 2569 Poeta
1034 2507 1139 2569 studiis
1160 2506 1301 2572 literariis
1320 2518 1350 2570 ct
1363 2509 1480 2572 decla-

344 2604 528 2668 mationibus
549 2603 643 2663 animi
664 2620 750 2662 causa
772 2622 899 2685 opernm
920 2601 1005 2664 dedit
1019 2603 1058 2663 ad
1072 2603 1126 2666 XL
1141 2606 1244 2666 aetatis
1256 2627 1379 2668 annum.
1392 2601 1480 2670 Hinc

237 2709 246 2722 '
341 2700 414 2764 lusit
435 2696 597 2780 aliquando
617 2696 741 2757 satiram
764 2695 795 2756 iu
818 2697 984 2772 Paridem,
1002 2698 1134 2760 Neronis
1153 2698 1385 2782 pantomimum,
1402 2721 1480 2763 mou

343 2797 478 2859 occisum
500 2815 515 2852 a
537 2793 670 2854 Nerone.
701 2801 756 2866 (v.
777 2791 814 2854 ad
835 2795 900 2854 Sat.
920 2793 974 2866 Vl,
998 2796 1072 2876 87.)
1095 2797 1187 2857 Tunc
1207 2817 1356 2858 veronen
1372 2819 1480 2883 prose·

342 2901 431 2954 cutus
452 2897 497 2950 est
516 2887 673 2970 poeticum
696 2886 846 2962 studium
874 2899 958 2950 certe
979 2909 1042 2950 non
1076 2889 1172 2970 patum
1204 2891 1370 2974 divulgarit
1402 2914 1480 2955 oar·

342 2989 440 3058 mina3
463 2986 562 3070 donec
584 2985 643 3043 iam
664 2983 878 3066 octogenarius
899 2984 953 3044 sub
977 2985 1255 3067 lmp.11adriano,
1278 2989 1330 3071 qui
1353 3011 1379 3049 n.
1394 2989 1442 3050 V.
1456 3009 1480 3050 c.

343 3085 415 3160 870.
438 3083 566 3142 Romam
587 3090 729 3154 venerat,
750 3101 823 3162 prae
843 3079 1054 3161 indignatione
1076 3089 1122 3140 tot
1143 3081 1294 3143 maloram
1313 3091 1480 3166 poitarum

344 3191 375 3240 et
394 3177 579 3240 criminosae
611 3175 749 3258 priorum
781 3175 1007 3270 Imperatorum
1039 3185 1069 3238 et
1091 3175 1263 3239 aulicorum
1286 3200 1480 3264 suorumque

344 3283 518 3357 temporum
539 3281 571 3332 et
600 3271 711 3333 civium
734 3270 813 3332 vitae
840 3269 941 3333 denua
965 3271 995 3330 in
1020 3269 1110 3334 bilem
1137 3271 1351 3335 effundendam
1372 3275 1480 3358 erupit

344 3391 474 3454 suasque
494 3368 600 3430 satiras
622 3366 778 3440 recitarit,
802 3376 894 3450 utque
915 3388 972 3448 pro
993 3368 1125 3430 Neronis
1144 3369 1331 3452 pantomimo
1346 3369 1480 3433 inseruit

341 3467 406 3550 Sat.
429 3465 568 3544 vt1,s7.
589 3463 758 3526 Domitiani
775 3463 996 3546 pantomimum
1012 3463 1164 3526 iuniorem
1185 3465 1346 3544 Paridem,
1368 3467 1480 3530 itidem

342 3583 359 3622 a
393 3560 567 3622 Domitiano
589 3570 688 3621 morte
709 3557 872 3620 multatum
907 3559 920 3631 ζ
941 3582 970 3620 v.
991 3557 1028 3620 ad
1049 3559 1113 3621 Sat.
1133 3559 1186 3634 VI,
1209 3562 1258 3640 87.
1279 3559 1354 3636 VII,
1374 3563 1425 3642 87.
1449 3566 1480 3644 ):

342 3677 437 3740 eaque
458 3653 618 3716 occasione
639 3659 746 3736 potitae
767 3651 855 3716 Statii
878 3653 1018 3715 meminit
1038 3653 1114 3730 vlt,
1133 3655 1173 3716 82
1194 3674 1258 3736 seq.
1279 3658 1383 3735 Quum
1401 3679 1480 3720 vero

342 3765 467 3838 praeter
487 3751 543 3812 alia
565 3751 734 3812 infercisset
753 3751 816 3811 Sat.
839 3750 909 3825 VH,
932 3768 972 3829 90
987 3771 1049 3834 seq.
1072 3751 1162 3834 Quod
1182 3773 1244 3812 non
1264 3751 1341 3816 dant
1357 3775 1480 3838 proce-

342 3867 415 3925 res,
436 3847 523 3909 datis
542 3847 650 3906 bistrio
671 3855 728 3906 cet.
766 3845 823 3906 iilis
851 3845 988 3908 versibus
1008 3847 1139 3908 offensus
1170 3846 1226 3909 iste
1255 3849 1385 3926 histrio,
1418 3851 1476 3934 qui

342 3943 499 4006 Hadriano
520 3942 599 4022 Imp.
621 3942 653 4001 in
676 3940 794 4002 deliciis
813 3951 880 4003 erat
901 3951 932 4003 et
945 3941 1047 4002 omnia
1061 3941 1144 4024 apud
1157 3942 1241 4004 ilium
1257 3953 1384 4024 poterat,
1397 3968 1480 4008 con-

346 4039 429 4102 flarit
450 4037 587 4100 quenali
618 4035 784 4112 invidiam,
817 4037 856 4098 ita
878 4037 963 4098 utin
985 4037 1192 4120 suspicionem
1212 4042 1353 4116 venerit,
1386 4041 1480 4126 qnasi

343 4137 514 4218 praesentia
535 4143 672 4217 tempora
695 4134 846 4216 figurate,
868 4141 903 4194 ut
921 4133 963 4194 ait
982 4143 1110 4210 auctor,
1143 4155 1200 4216 per
1231 4145 1365 4199 veterem
1390 4139 1480 4222 qnasi

344 4229 433 4290 ilium
455 4229 594 4291 Paridem
624 4240 765 4292 notasset.
799 4231 996 4313 Quapropter
1018 4228 1103 4292 illam
1126 4231 1321 4308 Hadrianus,
1349 4235 1479 4296 facetis-

343 4325 422 4398 simo
442 4325 567 4407 ingenio
588 4335 620 4388 et
641 4327 736 4408 poetis
758 4327 862 4392 favens
883 4326 1050 4409 Princeps,
1071 4325 1125 4388 sed
1147 4327 1288 4391 incitatus
1303 4329 1340 4389 ab
1353 4331 1478 4392 histrio·

344 4441 403 4503 nc,
423 4417 474 4484 ati
494 4419 637 4512 supplicii
657 4441 768 4511 genere
790 4419 1016 4506 affecit,1qu0d
1035 4419 1096 4490 leri
1110 4429 1143 4488 ct
1155 4420 1280 4491 ioculari
1293 4422 1405 4506 delicto
1420 4433 1480 4515 pat
