3078 5494
527 368 685 498 suriel¹
713 392 787 498 xvf
1126 408 1220 533 269

89 645 144 718 Et
167 641 311 747 quibus
329 639 483 718 illorum
501 647 679 746 poterant
694 645 899 745 ignoscere
909 666 1059 732 manos,
1177 681 1230 730 ros

89 763 275 854 Quorum
294 758 520 863 corporibus
538 759 818 834 vescebantur?
847 755 984 834 Melius
1003 785 1073 834 nos

89 880 268 952 Zenonis
287 892 490 980 praecepta
505 877 682 952 monen't':
697 901 771 950 nec
784 879 884 950 enim
892 872 1231 981 omnia‚quaedam.
1335 872 1337 876 ’

86 993 173 1066 Pro
196 993 271 1068 vita
290 990 463 1066 facienda
481 1007 600 1094 putat.
629 989 705 1064 Sed
723 989 909 1065 Cantaber
927 987 1032 1062 unde

88 1109 271 1197 Stoicus,
288 1109 439 1209 antiqui
455 1108 677 1211 praesertim
697 1123 818 1180 aetate
840 1103 1016 1178 Metelli?

89 1227 215 1302 Nune
235 1242 337 1301 totus
357 1226 488 1298 Graias
505 1240 728 1326 nostrasque
742 1221 857 1319 habet
869 1220 973 1304 orbis
986 1221 1160 1298 Athenas.
1179 1259 1227 1308 μθ

90 1339 227 1415 Gallia
245 1339 453 1417 causidicos
470 1338 600 1416 docuit
618 1337 782 1414 facunda
800 1339 1024 1412 Britannos:

91 1459 149 1530 De
173 1455 431 1532 conducendo
449 1453 623 1558 loquitur
643 1457 716 1529 iam
736 1454 889 1530 rhetore
908 1451 1053 1528 Thule·
1293 1541 1294 1544 Ἴ

145 1571 300 1648 Nobilis
318 1570 383 1646 ille
402 1589 526 1646 tamen
544 1569 733 1677 populus,
753 1596 868 1673 quem
889 1568 1048 1682 dirq‘mus
1059 1557 1076 1658 ;4
1090 1585 1131 1643 et
1146 1593 1216 1670 par

92 1692 258 1764 Virtute
275 1705 389 1790 atque
408 1687 505 1779 fide,
524 1688 589 1764 sed
607 1691 726 1763 maior
747 1685 854 1762 clade
874 1687 1063 1788 Saguntus

94 1805 198 1880 Tale
219 1804 313 1908 quid
331 1822 493 1878 excusat.
521 1803 710 1882 Maeotide
730 1807 875 1879 saevior
896 1831 961 1876 ara
1183 1836 1230 1882 rto
1266 1875 1271 1885 .

95 1923 324 2027 Aegyptus:
350 1922 494 2025 quippe
514 1919 579 1994 illa
599 1917 754 1995 nefandi
774 1922 935 1994 Taurica
953 1920 1048 1994 sacri

97 2041 300 2118 Inventrix
320 2041 488 2114 homines
507 2040 575 2140 (ut
594 2041 688 2129 iam,
707 2063 803 2137 quae
822 2038 987 2112 carmina
1007 2033 1186 2129 tradunt,

97 2161 230 2262 Digna
246 2155 321 2230 lide
348 2153 508 2253 credas)
526 2171 672 2228 tantum
691 2152 879 2244 immolat,
897 2151 1058 2226 ulterius
1080 2148 1138 2224 nil

101 2280 183 2350 Aut
205 2275 354 2376 gravius
372 2270 499 2348 cultro
519 2274 624 2346 timet
643 2271 773 2347 hostia.
802 2273 877 2367 Qui
895 2268 1008 2345 modo
1026 2293 1132 2342 casus

103 2541 229 2596 uirilibus
257 2542 362 2609 animis,
389 2541 432 2594 rel
452 2533 647 2596 virissortibus.
701 2543 809 2592 tt-tt.
829 2543 869 2591 tt.
887 2539 928 2590 56.
946 2539 1103 2590 58-60.64.
1121 2537 1162 2586 65.
1185 2551 1230 2584 ve·

105 2630 183 2695 Quae
197 2629 263 2682 ratio
275 2625 340 2680 dura
353 2635 407 2690 est,
421 2629 469 2680 etsi
481 2603 576 2680 dmm
590 2642 648 2677 earn
700 2634 806 2686 amunte,
819 2620 862 2672 sed
874 2619 960 2671 melius
977 2623 1014 2670 49.

106 2711 135 2764 in
148 2713 230 2780 potita
248 2710 347 2782 lyrico;
371 2720 397 2764 et
408 2710 510 2762 diversa
524 2708 593 2771 mihi¹
605 2711 646 2760 ri·
700 2737 715 2770 0
737 2707 792 2758 408.
794 2701 920 2775 faciunda
931 2714 1018 2772 putant
1031 2697 1084 2754 scil.
1102 2708 1235 2770 praecepta

109 2797 192 2850 detur
208 2795 287 2848 dictio
300 2793 343 2847 illa
356 2799 471 2864 cognatis
484 2793 588 2845 maculis
602 2791 649 2844 iot.
703 2792 812 2842 to-tt.
827 2794 867 2840 45.
884 2790 923 2839 46.
933 2792 976 2838 ts.

110 2899 137 2930 v.
165 2884 227 2932 460.
241 2897 306 2948 quae
327 2877 410 2932 iudice
428 2875 504 2930 Heio.
519 2873 650 2930 simillima
737 2875 902 2924 tt0.uostras
913 2867 1049 2937 Graiusque
1063 2869 1235 2934 tinctusque

110 2975 158 3018 est.
174 2963 205 3016 V
205 2965 286 3018 rbibus
299 2962 357 3016 cod.
371 2961 445 3016 Aiax.
454 2959 557 3036 tresalii
570 2963 650 3014 Paris.
702 2956 769 3024 conj.
787 2957 820 3008 Η.
837 2953 920 3006 Valeo.

113 3058 139 3100 et
155 3057 264 3102 recentt
274 3045 334 3100 edd.
347 3047 414 3098 Prot.
428 3054 454 3096 et
467 3043 517 3107 al..
528 3043 556 3096 h.
572 3044 651 3098 eca-
737 3048 794 3096 443.
806 3043 910 3094 dicimus
921 3043 962 3091 68.

112 3131 218 3206 legari,
250 3130 422 3196 Mutandae,
456 3130 590 3198 Sagunto,
622 3138 652 3180 ut
738 3132 795 3178 444.
817 3125 942 3194 Sagwttos
962 3127 1001 3174 49.
1025 3119 1231 3189 sagmata.-

112 3215 198 3286 vulgo
219 3225 325 3285 putaut5
350 3225 394 3268 aut
412 3213 507 3288 urbibtu
521 3215 587 3282 poit.
605 3229 652 3281 pro
702 3208 1011 3262 temeritatum.
1034 3201 1078 3252 alii
1090 3197 1230 3253 itadistin·
1306 3205 1313 3210 '

109 3299 186 3363 rar-bi,
203 3283 391 3368 Calagurris&
410 3293 459 3358 ltoc
476 3293 652 3364 procivibus,
703 3301 798 3362 guunt:
823 3287 925 3342 Notttts
943 3286 987 3338 itte
1005 3297 1088 3336 tamen
1113 3283 1236 3352 populiis,

111 3382 272 3454 triniatim,
293 3379 325 3435 'et
342 3382 409 3450 apud
429 3377 542 3434 Graecos
563 3378 653 3439 πόλις,
704 3395 775 3446 aum
788 3376 897 3427 diximus
915 3372 951 3437 (et
969 3389 1018 3438 par
1033 3367 1062 3420 V
1063 3363 1238 3420 arua-Sa-

111 3473 198 3540 Αργος
207 3507 216 3532 ,
234 3466 332 3532 letter,
354 3465 386 3517 de
409 3483 462 3536 quo
476 3481 502 3514 v.
516 3464 607 3514 Pacius
620 3449 653 3514 id
704 3462 822 3532 fflnuu),
832 3457 903 3526 ΙιΤιιὶε
922 3455 984 3526 quid
1003 3464 1116 3514 excusam
1132 3448 1176 3502 alii
1189 3449 1239 3500 sic:

112 3553 207 3625 Eurip.
224 3552 310 3606 orest.
324 3569 351 3605 v.
369 3556 411 3603 tt.
439 3547 490 3600 Sed
504 3547 567 3599 haec
585 3565 651 3616 quo·
704 3543 808 3600 Nobilis
823 3544 991 3606 -dt'ximus,
1016 3550 1040 3590 et
1063 3556 1111 3608 par
1133 3533 1236 3588 Virtute

113 3659 168 3710 que
180 3637 247 3692 ratio
264 3635 342 3707 louge
356 3636 434 3704 petita
448 3642 503 3698 est,
520 3629 595 3684 lectio
612 3641 653 3684 ta·
705 3630 860 3702 atqaastde:
879 3627 923 3679 iai
936 3629 1018 3678 orator
1030 3623 1103 3676 clade
1115 3617 1240 3692 Saguntos

114 3740 181 3776 men
194 3719 241 3774 illa
253 3720 286 3773 ab
298 3717 364 3772 Aah.
378 3727 488 3787 recepta.
497 3717 575 3768 Poeta
589 3715 655 3766 sorte
706 3716 772 3769 Tale
789 3714 851 3785 quid
873 3723 988 3782 esurum
1007 3705 1051 3760 alii
1069 3705 1180 3773 denique
1190 3701 1239 3754 ita:

115 3808 221 3878 scripsit
250 3804 363 3870 Ctvttru,
389 3802 432 3856 uel
456 3802 586 3866 Fortibus,
614 3796 655 3850 vel
687 3795 1127 3872 „Nottttstlta-dtxtmrosstpar
1139 3783 1241 3840 Virtute
1272 3823 1274 3830 .

120 3893 249 3964 Talibus,
266 3889 296 3944 V
296 3889 402 3942 tratribus
426 3885 495 3954 conj.
517 3889 550 3939 H.
569 3881 654 3936 Voles.
706 3880 860 3951 mqrtefidu,
873 3877 917 3930 sed
929 3878 1011 3927 niuior
1021 3871 1094 3924 clude
1108 3867 1242 3939 Saguntos,

117 3972 180 4029 coll.
196 3973 240 4039 ΠΙ,
258 3971 371 4033 tem,
394 3973 450 4022 407.
465 3968 539 4030 XIV,
554 3968 656 4024 iterat
707 3951 773 4032 Tale
787 3963 848 4034 quid
864 3971 978 4020 aanor,
992 3964 1021 4009 ut
1039 3953 1119 4006 verba
1132 3951 1168 4004 sic
1184 3949 1241 4003 iun·

119 4079 179 4130 pars
195 4075 244 4129 pro
257 4065 312 4110 toto
324 4058 384 4125 (pro
401 4052 477 4120 viris)
490 4053 572 4122 posita
583 4049 615 4101 sit
630 4045 667 4101 et'
707 4056 816 4118 gantur:
830 4042 933 4097 Nobilis
950 4037 1126 4110 iliepopslus,
1140 4037 1238 4087 Vasco·
1273 4075 1275 4083 .
1349 4102 1370 4127 a·

121 4161 195 4197 error
212 4151 287 4194 natos
303 4157 335 4192 ex
352 4157 435 4208 comp.
452 4135 539 4205 script.
558 4134 654 4188 utribtu.
707 4149 770 4197 nes,
783 4143 806 4182 ct
819 4127 953 4198 Saguntos,
971 4123 994 4178 ei
1005 4142 1056 4193 par.
1066 4123 1157 4174 virtrue
1169 4131 1241 4190 arar

68 4216 74 4231 ⁸
123 4227 335 4280 *abnuerent
706 4215 826 4286 fidecet.

78 4371 81 4377 ¹
158 4315 217 4364 405.
237 4311 345 4380 ipsorum
364 4312 405 4358 et.
424 4308 465 4384 63.
483 4310 523 4358 63.
544 4307 653 4357 65-69.
744 4304 802 4354 445.
816 4293 951 4362 Fataquid
959 4296 1067 4348 accuset?
1077 4287 1243 4358 conj.Sci1ra·

124 4397 233 4450 74-74,
709 4384 764 4438 der.

162 4475 429 4542 totuaaaatamat
445 4473 530 4529 melius
548 4474 657 4527 23-26.
710 4503 712 4507 -
743 4472 801 4520 449.
821 4465 872 4534 Qui
889 4480 936 4534 pro
958 4461 1021 4532 Quis
1038 4457 1136 4514 'restitui
1154 4475 1184 4510 eu
1204 4461 1245 4506 tt.
