3078 5494
548 373 697 430 slttnt
735 375 795 438 xt,
1139 383 1227 476 2οῗ

108 577 496 678 Namqueunaatque
507 569 636 648 eadem
648 589 705 648 est
716 575 793 650 vini
806 576 926 678 patria
938 580 1230 680 atquerninistri·1

158 691 333 789 Forsitan
360 704 576 792 exspectes,
603 706 647 766 ut
673 689 857 766 Gaditana
886 717 1028 770 canoro
1067 711 1072 722 '

102 809 270 912 Incipiat
294 806 447 912 prurire
474 804 618 895 choro,
645 803 858 910 plausuque
885 807 1068 910 probatae

103 924 167 999 Ad
193 942 333 998 terram
361 919 523 998 tremulo
550 919 783 998 descendant
809 922 921 998 clune
949 925 1122 1029 puellae,

102 1043 388 1116 Irritamentum
415 1040 575 1114 Veneris
603 1036 819 1142 languentis
847 1058 885 1114 et
911 1067 1016 1118 acres
1185 1087 1231 1134 455

102 1157 239 1235 Divitis
265 1157 420 1231 urticae.
448 1157 570 1229 Maior
598 1171 723 1228 temen
749 1159 817 1230 ista
846 1153 1017 1260 uoluptas

49 1269 52 1276 ’
104 1271 273 1348 Alterius
299 1298 429 1348 sexus:
456 1274 570 1374 magis
598 1269 662 1346 ille
690 1270 929 1364 extenditur,
955 1289 994 1348 et
1015 1299 1103 1350 mox

103 1389 271 1464 Auribus
297 1406 414 1492 atque
440 1387 559 1464 oculis
586 1405 772 1494 concepta
797 1390 909 1462 urina
936 1408 1119 1466 movetur.

103 1505 191 1580 Non
218 1507 319 1610 capit
345 1507 411 1582 has
439 1501 559 1608 nugas
585 1505 736 1580 humilis
762 1505 906 1580 domus.
933 1505 1072 1579 Audiat
1097 1504 1161 1580 ille

101 1623 302 1698 Testarum
320 1625 486 1728 crepitus
507 1648 594 1698 cum
610 1624 758 1714 verbis,
777 1623 924 1698 nudum
942 1622 1046 1698 olido
1067 1641 1169 1698 stans
1183 1661 1230 1710 ⁴7⁰

100 1739 263 1816 Fornice
289 1743 519 1846 mancipium
546 1740 685 1844 quibus
714 1741 897 1831 abstinet;
925 1739 991 1814 ille
1018 1739 1171 1814 fruatur

101 1857 272 1930 Vocibus
298 1856 494 1932 obscoenis
521 1859 701 1958 omnique
727 1856 896 1932 libidinis
923 1865 1044 1947 artes

103 1975 180 2067 Qui
206 1973 544 2050 Lacedaemonium
565 1977 764 2078 pytismate
782 1975 948 2050 lubricat
967 1973 1120 2056 orbem:

106 2092 278 2194 Namque
297 2092 350 2164 ibi
367 2093 559 2165 Fortunae
580 2095 726 2166 veniam
746 2093 888 2168 damus.
915 2090 1006 2166 Alea
1029 2091 1171 2194 turpis,

107 2211 239 2313 Turpe
258 2225 295 2284 et
313 2207 541 2283 adulterium
558 2207 821 2283 mediocribus.
842 2209 946 2283 Haec
963 2208 1093 2282 eadem
1113 2205 1169 2279 illi
1181 2247 1229 2296 ns

107 2329 243 2400 Omnia
259 2353 376 2430 quum
397 2324 559 2414 faciant,
579 2323 718 2400 hilares
748 2325 936 2426 nitidique
956 2343 1152 2402 vocantur.

107 2443 244 2524 Nostra
264 2441 412 2516 dabunt
432 2439 524 2516 alios
543 2439 656 2514 hodie
674 2443 843 2518 convivia
861 2439 996 2515 ludos:

106 2557 292 2636 Conditor
315 2557 454 2634 Iliados
480 2555 697 2631 cantabitur
723 2573 837 2660 utque
863 2558 1032 2630 Maronis

106 2673 269 2752 Altisoni
288 2674 441 2750 dubiam
467 2673 642 2748 facientia
661 2675 827 2748 carmina
846 2672 1019 2778 palmam.

107 2792 211 2887 Quid
228 2793 371 2884 refert,
388 2789 481 2868 tales
501 2815 628 2867 versus
655 2818 731 2895 qua
752 2817 843 2868 voce
862 2789 1068 2892 legantur?
1187 2825 1235 2878 430

161 2907 236 2983 Sed
255 2932 360 2982 nunc
378 2904 503 2982 dilatis
521 2923 647 2982 averte
669 2909 820 3008 negotia
840 2905 961 2992 curis,

107 3027 159 3100 Et
184 3041 328 3128 gratam
353 3025 524 3126 requiem
549 3007 652 3096 dona
678 3023 765 3114 tibi,
791 3020 947 3126 quando
973 3017 1105 3094 licebit

105 3144 184 3220 Per
208 3157 326 3218 totam
352 3164 497 3217 cessare
525 3137 648 3214 diem:
676 3164 756 3213 non
782 3137 922 3214 fencris
948 3133 1027 3210 ullu

147 3344 202 3394 464.
217 3359 268 3394 utu
285 3353 322 3394 est
339 3353 412 3412 atque
430 3341 518 3394 eudem
538 3343 579 3394 25.
606 3345 647 3394 27.
734 3345 791 3395 466.
804 3343 877 3394 urina
897 3350 1000 3408 parauit
1019 3341 1061 3392 27.
1076 3341 1119 3392 46.
1136 3341 1178 3391 47.
1192 3341 1235 3391 tt.

105 3429 222 3479 46—50.
240 3430 283 3479 64.
300 3431 342 3478 56.
364 3430 406 3478 66.
430 3429 470 3478 ⁵8.
492 3429 534 3478 64.
550 3427 591 3478 62.
606 3429 648 3477 66.
700 3430 742 3478 54.

107 3519 148 3560 eet
159 3525 215 3560 non
235 3515 317 3561 exstet
332 3507 361 3560 iu
377 3512 418 3562 46.
431 3514 473 3562 67.
494 3513 536 3560 69.
552 3511 593 3561 66.
607 3511 647 3560 63.
735 3513 791 3560 469.
802 3525 855 3575 seq.
868 3525 895 3560 v.
911 3523 969 3576 sup.
982 3503 1014 3558 ad
1026 3507 1071 3568 444,
1089 3509 1132 3558 63.

106 3596 152 3644 ⁶⁴·
167 3597 209 3648 ⁶⁷·
219 3597 261 3648 ⁶⁸·
274 3597 317 3646 ⁶⁹·
330 3597 440 3648 ⁷⁴44·
457 3593 649 3662 ⁷7³·m‘16552'5
735 3613 791 3660 473.
803 3623 828 3658 v.
842 3605 950 3658 Excute.
965 3603 997 3656 ad
1013 3603 1039 3657 lt.
1049 3601 1067 3656 l.

108 3677 158 3728 22·
735 3695 794 3742 476.
810 3701 893 3741 tamen
906 3707 953 3758 pro
970 3688 1059 3740 euclem
1074 3691 1114 3740 46.
1205 3649 1231 3736 b

107 3839 117 3876 1
145 3747 205 3798 ⁴⁶²·
217 3755 344 3838 ΜΨ
358 3751 400 3838 47·
413 3751 444 3840 ,ει
460 3740 494 3840 'l'
508 3739 647 3814 ⁵²¹¹sz
733 3789 900 3860 nesactium
915 3793 954 3840 46.
971 3793 1011 3840 47.
1023 3784 1050 3838 id
1061 3793 1130 3838 certe
1143 3781 1235 3836 melius

118 3845 155 3880 an
164 3843 225 3880 cunr
237 3827 401 3882 subiunctrvo
411 3843 486 3897 iungi
501 3823 566 3880 solet
577 3844 592 3876 a
605 3828 648 3878 lu·
699 3890 769 3937 me,
782 3882 874 3925 monet
886 3873 915 3924 C·
928 3867 1014 3923 vales·

109 3911 205 3966 remla
217 3911 264 3980 (cs.
278 3914 300 3976 l,
316 3916 372 3966 4644.
386 3913 421 3974 V,
436 3911 571 3974 tecvm,
590 3917 648 3964 443.

109 3993 648 4065 1444444.)...44....Η.4......4ο.ῑᾱ.
734 3979 793 4028 ⁴⁷⁹·
823 3971 922 4024 raum
946 3989 994 4040 rro
1006 3968 1177 4063 rampu-
1193 3971 1237 4020 44.

105 4085 161 4156 ᾗ),
178 4084 241 4135 Her,
253 4083 298 4135 lv,
313 4088 355 4136 53,
699 4064 741 4111 47.
754 4059 794 4109 46.
814 4061 855 4110 64.
871 4058 981 4110 66-60.
1006 4057 1048 4104 64.
1062 4071 1092 4104 ex
1103 4057 1232 4119 iuterpre-

114 4203 117 4215 -
151 4173 208 4223 tte.
223 4179 248 4218 er
261 4169 343 4220 mator
359 4170 390 4220 22
402 4168 492 4236 -tpra
508 4167 546 4216 tc.
561 4167 602 4216 2⁷.
617 4167 649 4215 te
700 4152 765 4198 tam.

111 4253 194 4306 2-50.
214 4249 257 4306 54.
271 4257 311 4304 66.
328 4256 370 4303 64.
736 4230 794 4280 460.
809 4243 893 4280 verset
904 4224 969 4278 tales
983 4227 1024 4276 45.

152 4341 207 4390 467.
220 4335 360 4392 incenditur
369 4333 485 4403 rpridam,
497 4332 583 4388 nescio
593 4328 649 4404 qui,
740 4332 795 4383 483.
808 4337 887 4382 taum
902 4331 943 4381 44.
957 4328 997 4378 46.
1013 4327 1052 4378 46.
1069 4329 1109 4379 47.
1126 4321 1234 4378 {Mb

115 4417 206 4491 legunt
213 4459 222 4490 ,
237 4429 300 4488 teste
313 4421 379 4472 l'rat.
704 4416 744 4468 45.
