3046 5498
497 423 600 492 ιιιι
634 419 865 496 ιιιιιιιιιι
1186 387 1240 494 lx

535 631 730 712 tvenne
748 629 785 722 8.
846 655 849 660 ·

286 785 288 793 ’
367 767 411 846 Δ.
432 765 480 842 V.
499 767 539 842 C.
558 765 646 842 θοι.
675 769 827 846 canan
844 759 907 866 49.

136 921 182 986 De
199 924 461 1008 praeceptoribus
491 923 642 988 luvenalis
672 923 752 988 nibil
779 933 879 1010 potest
912 931 995 986 certa
1015 932 1047 987 et
1073 925 1231 1010 explorata

104 1017 157 1082 bde
172 1015 262 1082 tradi.
287 1015 466 1083 lIeeniulus
486 1017 635 1106 quidem,
670 1015 783 1082 Criniti
808 1019 999 1104 aliorumque
1020 1021 1230 1084 auctoritatem

104 1122 259 1198 mantus,
281 1118 322 1179 ud
346 1118 438 1180 vitam
458 1115 633 1194 Iuvenale,
663 1135 741 1202 quae
760 1115 908 1179 Suetonio
928 1113 1101 1194 tribuitur,
1120 1127 1227 1192 notat,

104 1231 157 1276 tun
178 1211 347 1276 Frontone
368 1211 576 1276 Grammatico
605 1221 724 1298 (quem
745 1211 835 1274 etlam
863 1209 924 1274 sat.
939 1211 964 1290 l,
984 1235 1029 1274 ιι.
1051 1213 1139 1276 innui
1160 1215 1243 1298 qui-.

98 1303 155 1368 aa
177 1317 321 1392 putant)
341 1307 486 1393 magistro
508 1328 597 1370 naum
618 1327 681 1371 esse
703 1317 735 1371 et
755 1309 795 1370 ab
809 1329 846 1370 eo
866 1328 983 1370 summa
1004 1303 1159 1391 diligentia
1179 1310 1233 1372 in-

95 1405 260 1468 stituturus
295 1405 382 1468 buno
402 1407 484 1468 enirn
506 1399 646 1468 ‹loouiaso
666 1400 726 1466 illis
757 1403 945 1486 temporibus
976 1405 1090 1472 Rornae
1122 1425 1232 1492 magna

1 1538 2 1546 κ
92 1517 159 1562 sum
180 1499 324 1565 nominis
344 1499 546 1576 celebritate,
567 1509 643 1563 teste
664 1497 776 1562 Gellio.
798 1495 944 1562 [tamdem
957 1499 999 1561 ob
1012 1519 1131 1563 nusum
1146 1501 1233 1564 fuera

94 1595 209 1676 etiam,
234 1597 289 1682 qui
311 1594 487 1660 Iuvenalem
510 1597 543 1658 in
563 1593 754 1679 disciplinam
774 1593 922 1658 traditum
950 1615 1013 1660 esse
1040 1595 1233 1676 Quintiliano

93 1691 337 1778 truncarentur.
359 1693 422 1757 Sed
442 1711 534 1778 quam
554 1691 678 1755 infirma
705 1689 744 1754 sit
766 1687 841 1754 bueo
861 1691 962 1771 ratio,
998 1689 1087 1754 facile
1118 1691 1235 1756 intelli-¹

1 1867 2 1870 Ἴ
95 1787 185 1874 gitur.
205 1789 287 1852 Nam
311 1811 374 1855 nou
396 1789 489 1853 modo
508 1787 626 1852 Romae
649 1785 701 1850 alil
728 1807 849 1874 quoque
881 1797 955 1852 tune
986 1787 1133 1874 temporis
1151 1789 1234 1876 iique

96 1881 234 1950 celebres
254 1883 343 1948 luere
364 1884 563 1948 Grammatioi
585 1891 616 1946 et
644 1883 810 1958 Rhetores,
847 1903 983 1969 quorum
1019 1881 1139 1948 aobolaa
1169 1885 1234 1949 Ire·

99 1987 248 2060 quentare
269 1979 369 2062 potuit
388 1977 560 2056 luvenalis,
587 1999 683 2063 quum
704 1997 784 2062 puer
803 1989 900 2056 esset,
920 1979 973 2042 sed
994 1979 1091 2042 multo
1112 1997 1235 2064 qaoque

100 2073 292 2154 probabilius
313 2085 375 2151 eat,
396 2097 467 2136 euna
488 2073 667 2157 quorumvis
688 2076 789 2158 potius
810 2076 941 2136 aliorum
957 2073 1149 2138 institutione
1164 2077 1235 2137 for-

102 2178 214 2231 matam
238 2170 358 2246 fuisse,
378 2193 470 2255 quam
491 2169 658 2249 Frontonis
688 2169 768 2232 illiue
789 2179 820 2234 st
839 2170 1028 2248 Quintiliani.
1049 2169 1110 2233 Hie
1129 2173 1232 2244 euim,

106 2265 183 2350 quod
202 2289 298 2352 supra
319 2267 470 2344 diximus,
491 2267 539 2328 vel
559 2265 667 2328 eodem
683 2309 692 2344 ,
711 2287 774 2350 que
796 2274 884 2349 polita
905 2275 1027 2340 noster,
1062 2287 1168 2344 anno,
1189 2271 1238 2334 vel

115 2361 240 2445 aliquot,
258 2363 313 2424 itte
333 2373 436 2424 autera
456 2361 558 2424 multia
580 2361 668 2424 annis
688 2370 757 2444 post
777 2379 847 2422 eum
862 2372 953 2424 natus
973 2361 1101 2426 videtur.
1114 2365 1237 2428 Morcus

114 2469 196 2519 uerte
207 2457 368 2521 Cornelius
389 2459 526 2533 Fronto,
549 2457 735 2520 clarissimus
758 2457 891 2533 Rhetor,
912 2460 999 2520 ouius
1017 2459 1127 2542 passim
1148 2481 1236 2522 men-

64 2598 66 2606 .
109 2553 222 2616 tionem
240 2555 309 2618 lacit
328 2555 448 2618 Gellius
479 2556 598 2630 (Noet.
623 2555 683 2616 Att.
710 2555 752 2630 ll,
783 2557 832 2619 ιθ.
852 2552 938 2628 XIII,
959 2555 1008 2616 28.
1029 2551 1112 2629 XIX,
1135 2553 1164 2617 8.
1191 2575 1236 2620 ιο.

105 2648 199 2725 ab),
219 2659 402 2734 praeceptor
421 2650 480 2712 suit
501 2649 632 2713 duorum
656 2649 904 2734 Imperatorum,
927 2651 973 2713 Μ.
995 2649 1145 2712 AntouIni
1166 2647 1237 2714 Pbl·
1258 2655 1263 2664 '

98 2741 218 2829 loaopbi
244 2747 322 2832 (qui
347 2748 376 2809 ei
400 2755 528 2810 statuam
550 2749 581 2808 tn
603 2757 731 2822 senata,
757 2743 947 2808 consulatum
969 2745 1002 2807 iu
1022 2743 1100 2808 duos
1119 2763 1238 2810 menas

99 2840 239 2927 aliaeque
260 2843 396 2908 bonores
415 2844 572 2918 eontulit)
596 2851 627 2905 et
647 2843 736 2904 Veri.
759 2849 813 2917 (a.
828 2841 989 2925 Capitolia.
1005 2843 1036 2903 iu
1053 2843 1110 2904 vita
1126 2843 1238 2908 buton.

86 2931 214 3002 Pbilos,
234 2961 263 3002 e.
283 2963 313 3001 ι.
333 2947 364 3002 et
384 2939 460 3003 Veri
481 2957 508 3001 e.
530 2961 558 3001 a.
581 2941 692 3000 busun.
715 2937 746 2999 iu
768 2945 846 3022 grat.
866 2947 944 3012 aot,
966 2937 1102 3001 Maerob.
1117 2939 1179 3001 Sat.
1194 2939 1238 3016 V,

104 3055 129 3094 ι.
148 3043 183 3095 et
202 3033 297 3119 ipsius
319 3033 487 3098 Frontonis
508 3033 602 3118 Epist.
624 3035 660 3095 ad
674 3035 815 3124 Marcum
830 3055 877 3117 ap.
895 3033 1042 3110 clatris.)
1062 3033 1256 3115 Antoniou,

98 3151 177 3195 tero
198 3131 252 3194 ille
270 3133 410 3216 regnarit
428 3153 456 3198 a.
475 3132 517 3194 V.
538 3153 568 3193 e.
589 3131 755 3211 914-933.
777 3153 802 3192 a.
824 3131 899 3193 Chr.
923 3133 1085 3196 161-180.
1108 3141 1239 3196 etratus

98 3237 148 3290 eet
168 3251 188 3290 a
209 3230 252 3291 V.
272 3251 301 3292 o.
323 3231 395 3314 874.
417 3227 496 3296 Chr,
520 3249 586 3293 rat.
606 3227 723 3314 aliquot
743 3227 821 3290 forte
836 3228 990 3290 rneusibua
1004 3229 1052 3292 rel
1066 3228 1141 3293 adeo
1151 3231 1240 3293 anuis

97 3331 176 3405 poet
199 3332 330 3384 mortem
351 3322 522 3402 Iuvenalis,
543 3323 597 3406 qui
618 3321 656 3384 ad
675 3343 825 3384 summam
848 3321 925 3386 vixit
944 3331 1139 3387 senectutem.
1164 3325 1241 3405 Quia

97 3418 211 3502 itaque
230 3418 289 3482 sibi
309 3419 503 3504 persuadeat,
524 3415 682 3504 utriusque
695 3427 927 3504 praeouptorern
944 3421 1037 3483 fuiaae
1050 3419 1241 3484 Frontonem

98 3513 222 3578 illum?

16 3597 34 3624 ”
146 3614 299 3676 Ceterum
314 3609 338 3675 ai
358 3619 448 3696 pater
466 3619 578 3698 politae
598 3611 694 3676 nostri
715 3611 850 3696 locuples
868 3611 1027 3678 libertinus
1047 3613 1123 3690 luit,
1144 3611 1241 3676 tilium

100 3710 230 3772 artibus
248 3709 425 3772 liberalibus
440 3709 644 3795 honestisque,
664 3709 775 3792 quibua
790 3708 939 3773 nobilium
951 3757 961 3790 ,
974 3711 1076 3775 ultam
1092 3711 1242 3794 ingenuo-¹

101 3826 203 3880 rum,
222 3805 313 3868 liberi
332 3805 586 3885 instituebantur,
607 3805 806 3868 imbuendum
832 3827 942 3872 curere
973 3815 1116 3894 poteratt
1150 3805 1243 3890 idque

100 3901 242 3964 omniuo
263 3923 384 3966 curasse
406 3901 537 3968 videtur.

541 4089 733 4165 Iuventus
757 4113 813 4164 10.

418 4220 463 4298 A.
481 4221 528 4300 V.
548 4221 588 4298 C.
609 4217 865 4324 804.Cuu1sr1
884 4215 946 4296 51.

108 4371 302 4556 3⁰⁸2}th
323 4369 533 4538 inebriantia
553 4373 669 4448 bellant
688 4375 769 4470 perit
787 4371 933 4449 :tenu
949 4369 1115 4464 Btimlet.
1135 4373 1188 4446 ct
1206 4371 1249 4448 ΙΙ

150 4486 177 4546 ι.
280 4515 292 4566 ,
316 4489 353 4564 ιι
375 4513 384 4542 .
