3108 5494
554 451 707 520 sartos
743 455 771 518 1.
1168 413 1226 518 45

15 635 18 752 i
91 655 220 736 Totos
237 651 371 763 pande
386 651 519 732 sinus.
555 656 672 734 Dicas.
683 655 746 731 hic
761 653 921 734 forsitan
934 690 951 747 ,·
967 651 1072 733 unde
1178 693 1229 748 ..η

90 773 301 880 Ingenium
316 801 388 880 per
405 771 615 850 materiae?
633 772 737 850 uude
755 770 821 848 illa
847 774 1022 877 priorum

15 929 16 932 ¹
90 891 321 982 scribendi,
347 887 616 996 quodcumque
637 893 762 969 animo
778 889 964 996 flagrante
982 889 1142 988 liberet,

90 1008 351 1115 Simplicitas,
377 1010 486 1086 cuius
506 1035 586 1086 uon
612 1007 734 1086 audeo
762 1009 890 1086 dicere
916 1015 1086 1088 nomen?

89 1125 201 1224 Quid
221 1123 343 1201 refert
361 1122 474 1201 dictis
489 1129 660 1230 ignoscat
677 1127 846 1219 Mucius,
865 1152 914 1200 an
930 1153 1010 1202 non
1023 1130 1052 1222 ‘l⁴

88 1247 203 1322 Pone
230 1241 491 1346 Tigellinum:
510 1243 621 1321 taeda
638 1243 785 1322 lucebis
810 1243 955 1336 inille,
972 1337 978 1350 α
1109 1335 1111 1340 ¹
1178 1283 1226 1334 ης

89 1365 179 1458 Qua
199 1375 344 1438 stantes
372 1360 530 1454 ardent,
555 1365 624 1466 qui
650 1360 724 1438 fixo
752 1377 907 1467 gutture
933 1361 1104 1455 firmant,

88 1482 139 1556 Et
165 1475 435 1556 latum-media
454 1477 601 1556 sulcum
621 1479 767 1560 diducis
788 1507 915 1558 arena.

90 1597 167 1694 Qui
199 1595 308 1672 dedit
332 1624 424 1701 ergo
451 1597 573 1676 tribus
591 1601 738 1704 patruis
766 1602 938 1692 aconita,
963 1599 1124 1678 vehatur

16 1763 17 1772 .
89 1713 311 1792 Pensilibus
338 1714 499 1822 plumis,
526 1735 641 1822 atque
668 1717 774 1794 illinc
800 1715 983 1824 despiciat
1001 1721 1099 1794 nos?

15 1855 17 1890 2
90 1835 224 1931 Quum
241 1833 369 1912 veniet
388 1849 547 1931 contra,
565 1835 685 1943 digito
704 1861 902 1942 compesce
920 1832 1114 1914 labellum.
1178 1869 1226 1922 too

127 2067 195 2119 450.
209 2063 353 2120 1740441400
369 2069 412 2122 26.
572 2070 575 2079 “
691 2067 801 2121 Arcens.
825 2074 852 2120 et
872 2067 946 2121 Voss.
967 2065 1001 2120 ad
1021 2065 1118 2122 Catull.
1139 2087 1167 2140 p.
1184 2072 1226 2126 42.

126 2156 194 2204 454.
213 2155 391 2204 muiae'est
414 2153 456 2206 25.
478 2153 520 2206 27.
538 2154 578 2205 45.
596 2155 642 2207 46.
689 2152 897 2224 peotes-esuriunt
909 2152 1171 2226 tlgwgs'tesssmusst
1184 2159 1226 2212 22.

92 2235 135 2288 48.
156 2238 200 2288 49.
223 2241 266 2290 57.
288 2239 332 2288 59.
360 2238 402 2289 60.
423 2239 465 2290 65.
482 2243 509 2288 44
524 2236 642 2288 uodeest
691 2255 754 2292 um.
771 2255 812 2308 pr.
1049 2245 1051 2250 '

93 2321 142 2371 illo
161 2325 215 2371 cet.
235 2315 316 2372 culex
331 2305 402 2372 'olim
427 2317 545 2386 Thura„
568 2337 641 2374 nane
725 2329 783 2376 457.
801 2321 1039 2375 Atii-latum
1056 2323 1228 2378 t9.·-didaeit

94 2399 421 2473 fulbertprolndclnne
434 2411 552 2456 metrum
563 2401 636 2456 labo·
690 2409 734 2458 24.
751 2413 778 2456 et
800 2412 876 2456 vetus
894 2400 975 2456 codex
992 2405 1088 2474 lipsii,
1110 2404 1226 2460 laudatus

96 2497 153 2543 ret.
172 2486 223 2541 Sed
236 2486 336 2540 vocales
352 2486 480 2558 litemque
500 2507 527 2542 m
539 2490 568 2542 in
584 2487 640 2542 line
691 2487 724 2541 ab
737 2507 770 2542 eo
782 2487 815 2542 ad
826 2489 919 2542 Seuec.
934 2487 967 2541 de
978 2489 1016 2542 irs
1027 2495 1052 2556 ³,
1066 2489 1228 2563 3,aliusque

96 2569 178 2626 vocis
200 2587 273 2640 ssepe
293 2589 350 2626 nou
372 2569 525 2636 eliduntur,
539 2581 565 2624 et
580 2581 640 2626 turn
691 2571 806 2637 Heinsii,
824 2591 900 2642 quem
923 2573 985 2626 vide
1009 2571 1042 2626 sd
1060 2573 1141 2630 Ovid.
1162 2579 1225 2630 nes.

96 2652 419 2728 pmducuntur'pmpter
451 2649 584 2710 0444444404
612 2665 641 2710 44
691 2659 718 2710 4.
731 2661 791 2712 975.
804 2655 907 2708 deducet
926 2663 965 2711 46.
983 2661 1025 2710 22.
1039 2662 1082 2712 48.
1097 2658 1227 2713 erotem-

97 2740 214 2795 lsistum.
234 2760 259 2794 v.
273 2740 306 2794 at
322 2746 421 2805 6,·409.
438 2748 465 2806 9,
482 2747 541 2797 448.
555 2751 582 2795 et
596 2748 639 2806 45,
691 2741 725 2790 cit
740 2747 765 2793 4.
779 2743 803 2793 8.
817 2757 880 2793 sm.
899 2757 940 2810 pr.
957 2742 997 2792 40.
1016 2748 1058 2793 44.
1072 2745 1113 2795 42.
1129 2746 1168 2794 44.
1185 2749 1225 2796 47.

97 2830 120 2878 7.
137 2825 168 2880 444
182 2827 247 2880 Ver.
261 2827 334 2880 Lect.
349 2825 443 2880 Hiatus
460 2834 547 2880 autern
558 2828 636 2880 luve-
694 2829 734 2878 49.
749 2827 792 2878 20.
805 2829 982 2878 29-45-47.
995 2831 1038 2878 49.
1056 2829 1098 2878 50.
1117 2831 1226 2880 54-69.

96 2909 150 2964 nati
172 2918 236 2963 mut
255 2908 386 2964 solennes.
410 2911 511 2964 Vereor
531 2921 637 2976 tamen,
690 2914 800 2964 74-77.
819 2919 845 2962 44
863 2911 963 2964 XXXV
981 2909 1038 2964 cod.
1053 2909 1134 2965 Paris.
1148 2910 1225 2981 prob.

97 2993 269 3067 uepleraque
279 2993 401 3068 exempla
413 2993 581 3052 lslueriorum
593 2997 640 3051 iu·
691 2992 757 3047 Acis.
775 2993 876 3046 deducta
892 2999 907 3047 8
924 3012 939 3047 a
955 3013 993 3049 m.
1013 3012 1063 3048 440.
1085 3000 1126 3049 tt.
1141 3000 1184 3048 7⁰.
1199 3003 1227 3048 44

98 3079 183 3133 antae
197 3080 356 3134 debeantur.
689 3075 751 3131 MS.
770 3079 822 3131 viri
840 3077 909 3132 docti
931 3078 960 3132 in
976 3079 1054 3132 Misc.
1073 3077 1148 3132 0544.
1166 3079 1225 3133 crit.

135 3167 192 3216 454.
212 3181 279 3214 mmo
295 3179 344 3232 pro
364 3180 414 3215 uon
441 3167 484 3216 84.
509 3163 538 3216 iu
555 3180 639 3235 marg.
689 3161 751 3214 vot.
766 3165 800 3217 V.
814 3167 847 3217 T.
866 3165 899 3217 ll.
918 3182 943 3235 p.
958 3168 1016 3220 268.
1038 3165 1088 3217 Pro
1108 3182 1139 3218 eo
1154 3182 1226 3218 nunc

97 3242 172 3312 psuls.
186 3241 283 3296 Flavio
301 3245 417 3298 Conieet.
435 3243 512 3300 Ceut.
535 3247 637 3312 tw·
690 3245 808 3300 substitui
824 3247 930 3302 diducis.
948 3251 989 3302 De
1002 3247 1059 3303 aliis
1072 3247 1225 3304 coniecturis

97 3326 278 3382 dessemend.
289 3327 427 3384 Graevius.
691 3348 718 3382 v.
731 3332 838 3384 Excurs.

128 3419 191 3467 454.
208 3415 309 3467 Meam
330 3420 373 3467 47.
396 3417 508 3467 25-27,
527 3419 638 3468 45-47.
726 3419 783 3467 458.
797 3413 898 3467 vetant
910 3420 951 3470 40.
964 3423 1005 3470 44.
1021 3421 1061 3472 44.
1077 3423 1117 3473 45.
1126 3422 1167 3472 22.
1183 3424 1224 3473 27.

96 3500 136 3552 49.
149 3501 194 3550 50.
214 3503 257 3552 57.
273 3499 384 3554 50-76.
398 3495 452 3550 Sed
469 3499 517 3552 Gr.
529 3497 639 3562 Μοῦκιος
690 3503 799 3552 45-50.
821 3505 864 3554 54.
884 3506 927 3556 55.
943 3507 985 3555 64.
999 3508 1042 3557 68.
1058 3503 1135 3556 multi
1148 3503 1225 3557 codd.

97 3577 202 3633 dicitur.
689 3583 769 3637 Paris.
785 3591 813 3649 et
829 3592 949 3638 vetustus
961 3585 1013 3638 viri
1026 3584 1096 3639 docti
1109 3586 1137 3638 in
1149 3587 1224 3640 Misc.

129 3667 197 3716 455.
223 3662 383 3733 Tigellium
412 3680 460 3735 pro
487 3662 639 3734 Tigillinum
689 3664 767 3718 Obss.
786 3666 842 3720 crit.
856 3665 917 3720 Vol.
926 3668 959 3720 V.
968 3671 1000 3719 T.
1013 3670 1045 3722 11.
1059 3685 1085 3737 p.
1095 3671 1155 3721 267.
1172 3669 1225 3720 Pan

96 3745 220 3821 reposuit,
235 3745 360 3816 quonism
371 3744 436 3800 haec
449 3747 575 3816 seriptum
589 3751 634 3802 tir-
688 3763 750 3798 rum
763 3745 886 3812 interest,
910 3751 988 3803 modo
1001 3766 1062 3800 mox
1079 3748 1225 3818 reposueris

98 3839 189 3884 mstur
200 3831 309 3900 optimis
320 3828 636 3902 coddveterumscripto·
690 3827 814 3897 despiciet.
832 3845 901 3891 uon,
919 3837 949 3880 ut
968 3826 1116 3880 Henuiuius
1129 3826 1225 3899 aliique

96 3917 637 3990 rum,etttomauorumetGraecorum.-
690 3911 813 3977 editores,
826 3913 932 3967 vetatur
947 3925 974 3968 et
989 3915 1117 3985 despiciet.

101 3999 191 4077 laedit
204 4005 229 4054 8.
247 4019 263 4054 4
278 4018 314 4053 m.
332 4018 371 4070 pr.
390 4011 417 4054 et
434 4010 543 4069 quatuor
562 3997 639 4054 codd.
726 4001 784 4050 459.
798 3999 919 4068 despiciat
940 4001 979 4052 40,
1001 4005 1042 4053 45.
1066 4005 1106 4054 47.
1124 4004 1165 4055 20.
1181 4006 1223 4057 24.

101 4085 185 4139 Paris.
198 4083 269 4156 quod
288 4085 388 4156 recepit
410 4087 525 4138 Heuuin.
543 4085 638 4157 probs-
689 4085 732 4134 23.
744 4085 786 4134 24.
800 4086 841 4135 25.
855 4085 897 4136 45.
906 4087 948 4136 49.
962 4087 1003 4136 50.
1018 4089 1058 4138 56.
1074 4089 1115 4138 57.
1130 4089 1172 4138 59.
1182 4091 1223 4140 60.

101 4179 215 4240 mulque
226 4170 361 4236 Lubinus,
373 4169 500 4228 Graevius
510 4171 638 4235 etGrou„
691 4169 799 4220 64-67.
813 4173 854 4220 74.
877 4171 919 4219 74.
937 4175 964 4220 et
987 4167 1052 4221 alter
1070 4167 1150 4222 codex
1174 4167 1225 4222 viri

102 4249 265 4320 quiedSen.
277 4251 311 4304 de
323 4253 361 4305 im
375 4253 457 4316 tlte.
475 4260 595 4317 testetur,
610 4271 638 4307 se
690 4247 761 4302 docti
784 4249 865 4302 modo
894 4249 1004 4308 laudati:
1033 4270 1102 4324 quos
1123 4261 1224 4307 secutus

103 4336 227 4392 4044444444
241 4336 310 4391 illud
322 4338 351 4420 iu
365 4337 497 4408 antiquiss.
508 4337 638 4392 membra·
690 4353 756 4390 surn.
770 4335 889 4404 despiciet
902 4335 936 4389 al.

106 4419 333 4478 uisinttrttannia.
380 4418 384 4426 ’
726 4423 782 4473 460.
799 4423 885 4472 vestiat
903 4426 945 4474 47.
960 4425 1055 4480 2525.
1067 4427 1109 4480 46.
1124 4427 1166 4478 49.
1181 4426 1224 4486 54.

136 4509 194 4578 lli.
207 4517 232 4572 ct
245 4507 349 4584 propat
367 4509 516 4587 tt-srmat
533 4506 638 4572 emeat.
689 4508 731 4570 tt.
745 4509 788 4570 64.
801 4507 896 4572 venais
909 4510 953 4568 44.
