3046 5498
257 421 259 428 ’
327 421 482 526 xxxvi
770 419 835 558 fan
868 455 1022 523 sarias

326 677 454 734 torum,
474 658 524 742 rel
543 661 738 745 argumenti,
758 657 807 724 rel
825 669 1017 736 metrorum,
1048 657 1096 723 rel
1117 657 1266 722 sermonis
1287 651 1403 740 poetici
1424 663 1455 718 et

325 755 482 840 pedestris.
523 757 625 836 Quam
645 757 862 842 etymologiam
884 757 1025 818 omnibus
1053 755 1171 819 Satirae
1199 756 1356 817 Romanae
1378 772 1454 834 spe-

326 852 430 916 ciebus
451 853 708 938 (antiquissimae,
729 855 904 929 Ennianae,
926 853 1100 914 Lucilianae
1114 861 1144 914 et
1157 851 1386 923 Varronianae)
1408 856 1454 922 (t)

326 969 499 1034 congruere
519 950 648 1028 dicunt,
668 972 795 1036 eamque
816 950 939 1013 firmant
959 959 1024 1010 tum
1044 949 1146 1010 verbis
1166 949 1270 1022 laven,
1295 949 1325 1024 l,
1343 945 1458 1012 8586:

410 1125 571 1210 Quidquid
591 1139 685 1211 agunt
703 1125 865 1200 homines,
885 1137 1008 1197 votum,
1027 1125 1131 1196 timor,
1151 1124 1217 1197 ira,
1237 1122 1399 1203 voluptas,

409 1223 557 1297 Gaudia,
577 1224 747 1297 discursus,
774 1223 872 1284 nostri
891 1235 934 1282 est
942 1219 1082 1304 farrago
1104 1218 1221 1297 libelti5

324 1402 392 1456 tum
420 1393 601 1456 testimoniis
629 1404 766 1458 veterum
797 1393 1097 1465 Grammaticorum
1131 1387 1369 1453 v.c.Diamedis
1393 1386 1452 1448 lib.

325 1487 383 1552 Ill.
406 1512 435 1572 p.
458 1491 531 1567 483.
563 1488 682 1552 collect.
711 1489 832 1552 Puteola.
864 1490 970 1552 Satira
990 1488 1073 1550 dicta
1092 1491 1151 1548 siue
1170 1509 1192 1548 a
1212 1485 1350 1565 Satyris,
1368 1483 1456 1564 quad

323 1587 466 1647 similiter
493 1589 526 1646 iu
557 1587 615 1648 boc
645 1589 784 1647 carmine
802 1585 955 1647 ridiculae
974 1609 1023 1646 res
1040 1582 1267 1666 pudendaeque
1287 1581 1453 1652 dicuntur,

323 1701 406 1766 quae
424 1681 504 1742 uelut
522 1704 544 1742 a
562 1682 683 1760 Satyris
699 1683 899 1763 proferuntur
918 1695 947 1742 et
966 1680 1065 1752 fiunt,
1086 1680 1147 1738 siue
1167 1700 1187 1738 a
1208 1675 1322 1738 Satura
1343 1676 1456 1746 larice,

325 1797 405 1862 quae
424 1777 538 1857 afferto
559 1781 652 1838 variis
672 1777 835 1860 neutrisque
853 1779 1000 1859 primitiis
1012 1776 1111 1836 sacris
1125 1775 1242 1836 Cereris
1254 1771 1458 1856 ityserebatum

327 1874 373 1938 vel
393 1893 414 1932 a
433 1875 524 1956 copia
543 1887 573 1934 et
592 1877 753 1934 saturitate
773 1875 818 1933 rei
837 1871 1142 1932 Saturauoaalratur:
1155 1871 1240 1930 cuius
1252 1869 1371 1952 generis
1386 1865 1460 1924 laa-

327 1971 408 2032 cium
425 1984 458 2030 et
481 1971 592 2056 Virga.
614 1971 649 2029 in
672 1969 779 2052 Georg.
800 1970 858 2038 11,
886 1971 955 2047 ¹94·
966 1981 993 2028 et
1007 1969 1076 2050 394.
1090 1969 1235 2026 meminit.
1249 1967 1318 2028 Alii
1339 1963 1461 2024 dictam

322 2079 436 2149 putant
454 2087 476 2126 a
496 2065 560 2148 lege
579 2079 705 2136 satura,
727 2085 808 2147 quae
828 2086 887 2124 uno
919 2077 1027 2146 rogatu
1056 2063 1153 2122 multa
1185 2061 1277 2122 sirnul
1310 2080 1460 2141 eompre-

326 2161 463 2235 hendat,
483 2175 515 2221 ut
536 2162 650 2222 scilicet
670 2173 696 2220 et
716 2159 821 2221 Satira
850 2162 994 2220 carmina
1026 2159 1123 2218 stulta
1149 2157 1290 2218 simulet
1309 2161 1462 2238 poe'mata

327 2257 644 2341 comprehendunture
662 2259 747 2318 cuius
768 2257 842 2338 legis
864 2256 1001 2316 Lucilius
1029 2256 1164 2314 meatiait
1191 2254 1368 2336 inprime:
1402 2253 1464 2312 Per

327 2349 475 2412 Saturam
495 2350 639 2413 Aedilem
649 2353 793 2436 sactum,
814 2353 868 2434 qui
887 2351 994 2434 legibu'
1015 2349 1121 2410 soluat.
1136 2345 1246 2409 lsidor.
1268 2345 1356 2426 Orig.
1376 2343 1420 2420 V,
1435 2346 1464 2406 6.

327 2447 444 2512 Satura
463 2470 532 2510 uero
552 2450 608 2510 lex
637 2463 698 2524 est,
729 2470 807 2530 quae
837 2448 877 2508 de
904 2447 1043 2530 pluribus
1070 2445 1156 2506 rebus
1184 2443 1275 2505 simul
1300 2444 1458 2524 loquitur,

328 2543 416 2606 dicta
435 2565 457 2606 a
476 2549 567 2629 copia
587 2567 687 2608 rerum
710 2560 738 2606 et
751 2547 841 2628 quasi
860 2566 881 2604 a
902 2545 1058 2614 satietate,
1080 2541 1162 2604 unde
1181 2557 1209 2603 et
1223 2541 1360 2602 Satiram
1375 2543 1461 2600 scri-

327 2641 397 2702 here
415 2655 469 2715 est,
487 2649 632 2721 poemata
652 2642 740 2703 varia
758 2639 900 2716 condere,
919 2653 951 2700 ut
971 2641 1114 2712 Horatii,
1136 2639 1289 2699 Iuvenalis
1308 2649 1336 2697 et
1349 2637 1464 2696 Persii.

307 2748 310 2758 ’
331 2733 422 2797 Conf.
442 2737 549 2798 Festus
571 2737 602 2796 in
624 2757 691 2799 voc.
709 2738 838 2814 Satura,
861 2746 891 2798 et
911 2739 1013 2798 Acron
1034 2734 1082 2796 rel
1103 2735 1254 2818 Porphyr.
1280 2732 1318 2792 ad
1348 2733 1464 2793 Horat.

330 2831 454 2908 sst.1,
479 2851 502 2894 r.
518 2853 565 2916 pr.

370 2929 443 2992 Meo
464 2929 679 3013 qualicumque
701 2928 817 2992 iudicio
835 2929 935 2992 omnis
955 2929 1081 3010 quidem
1102 2950 1177 2998 res,
1201 2927 1292 2990 toties
1313 2935 1374 2990 eta
1395 2936 1473 2988 tarn.

330 3023 434 3088 maltis
454 3025 487 3096 in
506 3025 715 3108 quaestionem
737 3035 861 3100 vocata,
881 3047 944 3086 noa
966 3025 1067 3108 magni
1088 3025 1165 3086 arleo
1187 3023 1337 3088 momenti
1358 3033 1420 3099 est,
1436 3033 1468 3084 et

330 3245 489 3317 λεγομένων,
515 3254 559 3298 aut
584 3245 710 3316 denique,
738 3245 871 3318 sosipatro
920 3246 1272 3317 tur‚nomiuispotiusvim
1289 3245 1466 3320 etetymnlo·

330 3331 490 3402 interprete,
508 3328 656 3392 Πανδὲκτης
669 3328 794 3401 ἱστοριῶν.
808 3333 870 3383 Pro·
921 3331 1004 3402 giam,
1018 3349 1096 3400 quarn
1108 3330 1232 3382 carminis
1242 3342 1363 3383 naturam
1375 3349 1469 3400 respa·

331 3417 390 3488 plus
412 3415 444 3468 ad
467 3432 559 3468 vocem
581 3413 670 3466 Satura
696 3423 870 3478 accesserunt,
920 3425 1030 3480 xeruut‚·
1048 3413 1118 3487 quod
1141 3424 1209 3466 recte
1231 3415 1284 3466 iam
1305 3413 1419 3484 explosit
1434 3419 1470 3468 D.

331 3499 376 3568 qul
391 3497 472 3552 libros
488 3517 546 3550 suos
563 3497 746 3567 inscripserunt
759 3497 871 3559 Πίνακας
922 3497 1051 3550 Heinsius.
1069 3497 1183 3550 Omnino
1199 3508 1286 3550 atatem
1301 3499 1470 3564 notandum,

331 3581 359 3635 la.
382 3599 404 3633 e.
432 3581 518 3634 lances
540 3579 644 3647 (immo
670 3579 801 3647 tabulas),
830 3579 871 3634 vel
922 3585 1028 3632 Graecis
1043 3592 1068 3634 et
1089 3581 1213 3634 Romanis
1227 3600 1296 3646 uon,
1319 3593 1348 3634 ut
1369 3581 1471 3646 nobis,

332 3665 482 3722 natantia.
497 3670 614 3736 Quarum
626 3666 773 3737 ἐπιγραφῶν
785 3684 871 3718 exem·
922 3664 1053 3716 distinctas
1067 3665 1146 3718 luisse
1160 3673 1186 3716 at
1200 3677 1328 3718 accuratas
1341 3665 1469 3720 diuerso-

331 3749 376 3824 pla
392 3750 422 3825 ἰτιι
433 3751 514 3804 Praei.
530 3750 606 3804 Plinii
624 3759 650 3802 et
666 3769 705 3818 ep.
723 3751 831 3801 Suetoa.
843 3749 872 3802 in
922 3768 981 3802 rum
994 3753 1098 3818 po'e'seos
1119 3767 1248 3820 generum
1261 3750 1473 3821 carminumque

332 3826 442 3890 Aurelio
465 3835 554 3908 Opilio
568 3833 755 3888 Grammatico.
767 3870 784 3902 „
809 3833 870 3903 (Cf.
924 3831 1078 3896 divisiones,
1101 3851 1187 3905 neque
1202 3853 1233 3886 ex
1251 3843 1341 3886 natura
1358 3853 1473 3906 semper

333 3920 403 3976 Gell.
416 3926 438 3987 1,
456 3924 500 3990 8.)
924 3916 1046 3986 cuiusque
1060 3916 1167 3986 petitas,
1184 3917 1319 3989 sedsaepe
1337 3937 1352 3972 a
1376 3927 1472 3974 metro

925 4001 1013 4069 (uncle
1026 4001 1109 4052 Iambi
1123 4019 1150 4054 v.
1165 4019 1187 4054 c.
1202 4001 1286 4070 dicti)
1301 4001 1344 4054 vel
1356 4001 1473 4056 aliunde

367 4086 410 4158 ⁸(t)
436 4091 476 4142 De
506 4087 588 4142 Satira
609 4085 770 4141 varroniana
786 4104 872 4139 sermo
923 4085 1063 4139 desumtas.
1081 4089 1189 4140 Veteres
1203 4106 1305 4158 quoque
1325 4089 1472 4158 scriptores

335 4171 385 4225 erit
398 4174 426 4226 in
444 4173 661 4228 commentatione
681 4193 734 4244 seq.
751 4176 789 4225 De
808 4171 873 4225 reli·
924 4168 1003 4221 libros
1023 4189 1083 4222 suos
1096 4167 1247 4241 plerumque
1270 4173 1326 4224 siae
1339 4171 1417 4224 titulo
1438 4175 1470 4226 in

271 4305 274 4312 ,
334 4255 392 4326 quis
403 4256 455 4310 iam
466 4277 543 4328 supra
555 4257 606 4328 egi.
620 4257 671 4327 Qui
685 4277 748 4316 vero
760 4255 871 4310 Satiram
921 4253 1015 4327 vulgus
1029 4255 1153 4308 videntur
1165 4256 1295 4322 emisisse,
1314 4255 1355 4310 uel
1381 4257 1414 4309 de
1435 4279 1471 4312 en

334 4341 445 4394 hiccila
467 4341 634 4410 definierunt,
654 4354 684 4397 ut
700 4344 733 4396 sit
750 4361 870 4406 carmen,
922 4357 975 4392 non
989 4339 1132 4392 admodum
1158 4339 1302 4395 laborasses
1323 4353 1348 4394 et
1365 4341 1471 4396 inscri-

339 4424 413 4478 cuius
435 4436 617 4495 atqrrmentum
634 4425 762 4498 farragine
776 4427 816 4481 rel
827 4426 873 4480 mi·
923 4428 1022 4496 ptiunas
1036 4423 1141 4476 illorum
1152 4425 1335 4480 Grammaticis
1348 4427 1406 4480 sere
1420 4427 1470 4482 de·

335 4505 722 4566 xturadtveaorumviuorum
735 4511 868 4566 continea-
922 4511 1027 4568 beatur.
1042 4510 1119 4565 Cous.
1131 4519 1185 4564 not.
1200 4528 1252 4580 seq.
