3120 5494
333 449 529 540 ricuinus,
552 447 605 506 ar
642 446 868 510 scuranum
905 449 1079 510 annana
1170 418 1262 516 323

143 658 247 710 anum
278 647 411 710 manime
435 665 491 708 aaa
510 645 537 707 ei
558 645 718 720 conciliat,
751 655 797 706 est
816 646 909 728 pietas
928 667 1051 724 senam,
1081 671 1173 734 quem
1193 673 1267 738 erga

141 743 320 806 Cornutum
339 751 567 826 praeceptorem
585 739 740 816 declarat,
771 751 831 802 tam
850 743 998 806 candidas
1027 754 1057 807 et
1085 745 1267 826 vemens,

124 849 176 903 .nt
196 839 328 924 quiaque
344 838 586 912 animadvertat,
609 837 639 896 in
660 836 708 898 rei
726 821 935 918 magnitudide
954 838 1056 901 serbis
1075 839 1268 926 adsequenda

139 953 213 994 eum
234 953 418 1017 magnopere
438 933 626 1007 elaborasse,
645 953 703 994 nec
723 941 823 994 tamn
844 933 902 995 sibi
921 933 992 996 satis
1010 935 1127 1004 iecisse.
1145 937 1267 1014 Quibus
1349 957 1351 962 ·

139 1033 306 1094 virtutibus
324 1031 490 1093 instructas
509 1029 702 1112 dignissimas
720 1049 793 1090 sane
813 1029 883 1114 ,fuit
909 1029 1042 1094 amicitia
1073 1043 1102 1094 et
1133 1055 1266 1098 consue-

138 1127 248 1190 tudine
267 1131 356 1189 Paeti
376 1129 546 1201 Thraseae,
566 1135 632 1200 (ιι)
663 1124 773 1186 samnii
795 1134 827 1184 et
851 1123 1011 1188 clarissimi
1031 1129 1112 1204 siri,
1132 1151 1265 1212 quacunr

136 1223 232 1282 ctiam
253 1221 410 1283 adfinitate
427 1231 494 1284 erat
513 1221 703 1282 coniunctas.
734 1220 872 1282 Decessit
901 1220 1021 1284 Persius
1054 1222 1102 1284 vel
1134 1225 1266 1308 septimo

137 1315 188 1380 vel
207 1325 314 1378 octavo
332 1335 415 1377 aune
433 1315 552 1399 imperii
573 1314 705 1376 Neronis
724 1337 750 1374 a.
771 1313 808 1374 V.
829 1335 856 1378 c.
877 1315 947 1376 815.
967 1318 1085 1377 Auctor
1107 1316 1186 1380 vitae
1200 1321 1265 1382 eina

136 1413 306 1474 memoriae
340 1410 495 1494 proditura
526 1408 671 1492 reliquit,
701 1430 771 1472 eam
802 1409 836 1470 ia
865 1409 995 1493 pueritia
1014 1412 1214 1476 Praetextam
1233 1426 1266 1476 et
1295 1458 1303 1468 ι

137 1509 351 1591 Odoiporicen
370 1506 484 1568 librum
504 1525 600 1568 nauus
621 1514 653 1566 et
671 1525 784 1589 panem
797 1523 902 1567 versus
921 1505 954 1566 in
974 1525 1094 1568 amram
1110 1506 1267 1572 Thraseae

136 1605 263 1666 Arriam
284 1613 432 1678 matram,
454 1621 533 1684 qaae
552 1621 584 1662 se
603 1611 674 1663 aute
688 1600 789 1662 viram
807 1599 973 1676 occiderat,
992 1602 1165 1684 scripsisse,
1187 1623 1266 1684 quae

142 1699 247 1760 omnia
268 1701 408 1762 Cornuto
428 1708 584 1759 anctorea
608 1706 705 1758 matre
726 1697 819 1758 Persii
837 1695 951 1758 abolita
969 1697 1039 1759 aiat.
1059 1699 1175 1775 Porro,
1195 1721 1266 1762 rara

139 1796 277 1856 Persium
298 1803 328 1857 et
348 1793 435 1857 tarde
455 1793 632 1877 scripsisse,
651 1791 847 1872 librumque,
882 1811 973 1875 quem
993 1813 1078 1854 nune
1097 1793 1187 1854 etiarn
1204 1794 1266 1857 lra-

141 1889 425 1965 temus,utsimam
445 1909 569 1950 menam
589 1888 653 1948 eius
672 1907 735 1948 uon
756 1907 820 1950 esse
839 1896 1006 1970 apertam.
1027 1888 1065 1951 lu
1078 1887 1169 1952 huius
1190 1889 1266 1952 nlti-

58 2013 61 2020 ,
138 2007 189 2046 ma
210 1993 295 2068 parte
315 2005 417 2048 veteru
437 1985 553 2066 aliquot
572 2003 636 2044 esee
655 1981 815 2064 demptos,
835 1992 868 2043 at
881 1983 985 2044 finitus
998 1981 1167 2066 videretur,
1181 1983 1266 2047 Cor-

137 2090 308 2162 natamqne
327 2080 428 2161 ipsam
447 2077 598 2160 nonnulla
628 2077 821 2148 correxisse,
853 2075 1019 2160 Caesioque
1054 2081 1196 2160 petenti,
1230 2089 1265 2142 ut

137 2174 283 2236 ederetur
302 2171 400 2248 liber,
420 2171 573 2235 ιιιΙοιιόιιιιι
589 2169 757 2233 tradidisse.
782 2169 930 2232 Continet
949 2170 1001 2232 hic
1019 2169 1119 2246 liber,
1137 2173 1265 2252 aQuin·

138 2269 244 2330 tiliano
264 2279 295 2331 et
316 2265 631 2342 Martiale-laudatas,
658 2275 724 2342 (ια)
746 2273 865 2348 praeter
885 2263 1045 2349 prologum
1065 2286 1119 2328 scr
1137 2268 1264 2342 satiras,

138 2381 201 2422 nou
222 2361 291 2444 pari
309 2382 415 2422 omnes
434 2360 599 2443 dignitate,
629 2381 759 2444 queram
779 2361 879 2444 prima
913 2379 953 2420 er
981 2357 1112 2421 duarum
1145 2359 1263 2423 laciniis

138 2459 307 2541 canaposita
327 2457 468 2533 videtur,
487 2458 577 2518 etiam
598 2477 637 2518 er
656 2465 761 2538 quarta
782 2475 846 2516 nan
859 2475 954 2536 pauca
974 2454 1165 2518 intercidisse
1185 2476 1262 2538 prc-

138 2553 238 2614 lrabile
257 2563 310 2617 eat.
330 2555 378 2614 Vt
397 2551 570 2614 adcaruius
589 2551 629 2612 de
650 2551 711 2612 illis
730 2551 830 2612 satiris
861 2549 997 2616 iudicare
1016 2553 1184 2631 possimus,
1206 2571 1262 2632 age

137 2650 293 2710 videamus
310 2649 436 2731 paucis,
469 2646 544 2731 qaid
564 2657 599 2710 et,
613 2645 710 2730 qualis
729 2647 769 2707 ait
787 2646 878 2708 satira
898 2653 953 2709 aut
972 2646 1128 2708 satiricum
1145 2667 1261 2730 genus,

137 2743 221 2824 qaod
241 2767 257 2803 a
274 2743 420 2807 Roruaals
440 2743 614 2818 inventam,
634 2741 790 2804 excultum
810 2749 842 2802 et
860 2739 1031 2823 perfectum
1045 2751 1098 2804 est.

177 2839 329 2901 Carminis
360 2859 478 2920 genus,
510 2839 593 2921 quod
614 2837 720 2899 salinae
750 2837 873 2898 nomine
893 2836 1073 2918 insignitum
1106 2847 1169 2914 eet,
1202 2837 1261 2902 lroc

137 2933 229 2992 laabet
248 2933 460 3014 prepositum,
483 2940 517 2992 ut
536 2952 637 3004 mores
655 2932 822 3008 emendet,
842 2951 941 3012 ecque
954 2949 973 2988 a
994 2929 1097 2992 libello
1117 2951 1171 2992 seu
1190 2953 1262 2994 car·-

136 3028 220 3088 mine
250 3027 365 3088 famoso
394 3025 515 3101 differt,
552 3047 614 3110 que
643 3025 673 3086 id
693 3025 813 3108 egitur,
843 3035 878 3088 ut
896 3025 1007 3108 aliquis
1025 3025 1153 3108 indiguo
1174 3047 1262 3088 ancre

169 3211 229 3277 (44)
260 3208 383 3264 Thraecas
406 3207 501 3263 Portus
522 3211 671 3264 Patavicns.
721 3229 744 3262 c.
766 3216 806 3262 44.
825 3212 858 3262 T.
882 3210 938 3262 Xll.
962 3207 1003 3262 ed.
1024 3213 1096 3264 Hutt.
1114 3209 1256 3264 Adcuratus

134 3292 220 3346 Tacit.
233 3293 302 3346 Αιιιι.
314 3296 376 3346 XVI
381 3333 391 3357 ,
404 3299 446 3348 24.
466 3296 555 3346 Gener
582 3293 669 3347 direci·
723 3292 835 3358 deinde,
852 3291 933 3346 Tacit.
945 3290 962 3346 Ι.
976 3313 997 3346 c.
1011 3296 1073 3348 XVI
1079 3334 1087 3360 ,
1106 3299 1148 3358 at,
1167 3293 1261 3346 mortis

134 3396 183 3429 siae
204 3376 279 3428 Paeti
293 3389 319 3432 et
342 3379 452 3442 Arriae,
481 3378 514 3430 de
541 3379 672 3448 quibusv.
723 3376 861 3430 arbitrium
886 3375 1004 3447 adccpit,
1036 3377 1159 3447 venisque
1185 3375 1261 3430 sectis

134 3459 249 3513 lilartial.
263 3463 290 3525 1,
306 3467 351 3528 ta,
376 3459 442 3515 Plin.
456 3461 537 3532 Epist.
551 3466 602 3527 ΙΙΙ,
625 3469 672 3530 te,
725 3459 854 3514 obnubuit.
868 3458 1011 3514 Tacit.l.e.
1026 3467 1068 3526 3¹3
1083 3461 1260 3515 saunalter.

135 3545 190 3596 Die
216 3546 284 3598 Cass.
304 3545 369 3608 LX,
393 3549 434 3600 46.
451 3545 512 3596 Erat
529 3545 624 3598 stoicus
648 3553 673 3599 et
726 3552 769 3608 373
790 3541 875 3596 Schcl.
900 3542 932 3596 ad
953 3543 1069 3596 luvenal.
1084 3545 1118 3607 V,
1143 3552 1191 3610 36;
1209 3546 1261 3596 Dio

134 3627 279 3680 admirator
301 3629 407 3682 Catonis
435 3629 576 3696 Vticensis,
598 3629 671 3682 cuius
722 3633 791 3681 Cass.
804 3629 888 3695 LXII,
902 3633 944 3683 26.
957 3629 1083 3682 Laudauit
1096 3647 1156 3681 earn
1171 3639 1261 3701 postca
1336 3631 1338 3640 '

133 3713 216 3765 vitain
234 3712 385 3782 scripserat,
411 3725 488 3784 atque
501 3715 541 3770 vir
553 3718 672 3785 antiquae
722 3713 861 3764 Auratam
873 3712 1075 3782 Rusdau,qucd
1088 3711 1135 3782 ipsi
1148 3713 1262 3765 sublic-

134 3794 212 3866 plane
224 3795 326 3860 virtutis
344 3806 371 3848 et
388 3797 456 3850 inter
476 3807 514 3853 tot
534 3785 682 3852 abiectississ
722 3795 833 3848 anitiano
852 3793 960 3866 capitale
978 3795 1045 3860 suit,
1065 3794 1182 3868 liberque
1196 3813 1260 3846 eau-

134 3897 193 3932 mos
204 3879 315 3932 Neronis
328 3880 472 3936 adulatores
490 3880 560 3936 selus
573 3894 672 3938 erectus
722 3891 777 3940 atus
788 3891 836 3934 est.
853 3879 936 3934 Tacit.
958 3884 1003 3934 sit.
1021 3881 1109 3954 Agris.
1131 3888 1146 3934 2
1167 3891 1193 3936 et
1212 3885 1259 3936 455

134 3975 162 4018 et
174 3977 311 4031 consuas,
326 3966 501 4037 intrepiduset
511 3972 609 4038 gravis,
624 3987 680 4022 nov
722 3965 939 4021 surrectionis.
953 3974 994 4020 40.

135 4060 214 4119 taque
227 4049 388 4106 humanitate
401 4062 427 4106 et
439 4051 583 4106 elementia.
604 4052 670 4106 Plia.

135 4133 216 4202 Epist.
231 4134 307 4197 Vlll,
323 4139 366 4201 22,
379 4140 404 4189 3.
422 4139 446 4188 Is
463 4135 559 4190 Neroni
573 4136 672 4190 inacus
757 4137 816 4203 (42)
829 4133 936 4204 Quintil.
951 4135 994 4200 X,
1008 4142 1033 4186 4.
1050 4135 1163 4188 Muluan
1180 4148 1203 4187 et
1216 4154 1259 4190 ase·

135 4217 171 4268 cb
182 4213 278 4277 multas
292 4235 348 4287 res,
367 4221 502 4291 praecipue
521 4219 555 4274 cb
568 4231 671 4274 senten·
722 4240 766 4273 rae
779 4221 895 4291 gloriae,
909 4223 1021 4292 quassaris
1033 4239 1081 4274 uiro
1092 4221 1172 4287 libro,
1191 4221 1256 4272 Par·

135 4301 203 4352 tiam
217 4301 249 4354 de
258 4301 380 4356 Antistio.
390 4303 472 4356 Tacit.
486 4302 504 4356 l.
514 4321 535 4356 c.
547 4305 618 4373 XIV,
631 4311 673 4359 48.
723 4310 771 4357 siau
783 4307 880 4356 mansit.
895 4305 1005 4359 Martial.
1023 4307 1069 4370 ΙΙΙ,
1083 4311 1124 4359 29.
1139 4313 1151 4360 7
1169 4323 1221 4376 seq.

136 4389 241 4439 Tamen
258 4387 382 4440 virtutem
399 4389 528 4442 Thraseae
544 4389 585 4442 vel
605 4391 672 4445 invi·
725 4389 827 4460 Saepius
838 4389 1258 4457 inlidsamemcraturPersiauuno,

138 4478 179 4524 tus
193 4470 307 4526 adnavit.
322 4470 389 4527 Plut.
408 4471 517 4542 reipubl.
527 4491 579 4545 ger.
589 4493 674 4544 praec.
727 4475 1080 4545 QraamlevisintotoMarsus
1091 4477 1257 4532 Amazoniis.
