3056 5490
510 420 512 426 ,
595 370 742 428 strum
781 371 819 428 V.

137 881 211 950 iacti,
230 901 307 952 quam
329 881 440 936 evellere
464 891 588 945 conetur,
617 892 669 934 tra·

1165 359 1292 456 ιιι

109 579 116 588 ·
190 567 376 658 Quorsum
393 561 602 642 haecl'aut
621 581 779 663 quantas
798 563 943 640 robusti
964 569 1138 644 carminis
1169 571 1262 647 offas

138 683 296 785 legeris,
311 697 352 753 ut
372 707 441 784 par
460 683 507 754 sit
526 697 687 754 centeno
710 698 863 782 gutture
884 683 985 755 niti?
1244 723 1260 768 5

721 880 846 952 Tragicas
864 899 905 934 res
923 884 1068 938 tractaturis
1080 883 1146 937 banc
1164 865 1260 942 verbo.

137 967 218 1034 bunt,
236 987 320 1021 errare
346 968 482 1032 ridentur,
504 968 672 1038 quippequia
723 981 783 1014 rum
802 981 924 1034 pompam
938 964 1062 1034 relinque.
1082 969 1124 1018 Tu
1141 967 1173 1019 ab
1186 975 1259 1026 omni

136 1051 200 1107 boni
224 1054 359 1123 scriptores
378 1057 412 1122 τῷ
434 1053 522 1104 ducere
539 1053 589 1104 ad'
582 1069 609 1104 ιιι
626 1050 671 1105 tali

135 1153 165 1186 re
176 1137 217 1188 vix
230 1145 344 1188 utantur.
357 1109 409 1188 Sed
422 1135 455 1188 de
466 1153 498 1187 eo
508 1135 593 1205 ,quid
611 1146 668 1188 tan·

135 1219 197 1270 dem
220 1221 365 1290 significent
388 1219 449 1272 baeu
473 1220 594 1286 verba‚'
587 1240 614 1273 ιιι
631 1221 670 1272 di·

137 1310 224 1354 versas
240 1312 325 1372 partes
336 1319 426 1354 omnes
446 1301 549 1356 abeunt.
574 1304 666 1356 Casau·

135 1379 220 1436 bonus
230 1383 261 1436 de
275 1383 355 1436 modo
369 1383 493 1436 iaculandi
509 1383 558 1436 tela
572 1385 672 1451 sumsit,

134 1466 270 1534 laudatque
291 1465 377 1518 locum
404 1465 530 1520 Eustathii
557 1464 589 1519 ad
613 1470 668 1520 Ho-

135 1565 256 1612 merum,
276 1549 322 1602 ubi
340 1547 393 1602 tr⁰es
414 1549 486 1602 modi
503 1545 669 1602 reseruntur:

134 1616 206 1708 irrepit
228 1633 324 1702 μαζὸν,
345 1634 415 1707 παρὰ
429 1627 457 1687 ἑὸ
476 1631 559 1698 δεξιὸν
580 1634 670 1700 ὠτίον,

134 1716 188 1791 παῤ
201 1710 290 1788 dipsis,
305 1717 396 1788 quibua
411 1717 491 1770 tribus
499 1718 583 1770 modis
591 1736 666 1788 quar·

133 1811 189 1852 turn
202 1801 348 1872 adiugatae
365 1801 452 1864 addit,
471 1800 596 1854 adductus
614 1801 670 1855 loeo

135 1885 261 1956 Propertii
279 1888 323 1950 IV,
340 1893 364 1940 8.
380 1886 576 1957 aequitatum
589 1925 598 1949 ,
610 1887 669 1955 quia

134 1987 228 2040 magna
247 1978 285 2022 est
304 1969 331 2022 in
351 1987 382 2022 eo
408 1967 525 2021 codicum
544 1971 667 2032 varietas,

135 2051 199 2104 nihil
217 2052 323 2124 probare
344 2061 436 2122 potest.
450 2054 482 2104 Et
495 2052 551 2122 quis
562 2053 669 2106 tandem

133 2134 262 2189 iaculandi
277 2135 384 2188 modum
402 2135 434 2188 ab
452 2137 558 2208 inguine
572 2154 666 2188 eonco-

134 2221 212 2290 quat!
238 2219 360 2274 Heinsius
380 2221 491 2274 deense
512 2221 561 2273 hoc
573 2219 668 2274 intolli-

135 2305 173 2375 git
194 2305 225 2356 ad
243 2305 320 2358 ovid.
338 2305 401 2358 lllet.
414 2307 437 2358 ll
445 2343 454 2368 ,
469 2311 529 2356 stt.
543 2303 612 2356 hunc
624 2322 669 2357 se-

135 2395 210 2452 ¹cutus
232 2397 269 2438 est
283 2389 422 2438 Burmann.
436 2387 466 2437 ad
485 2383 571 2436 Voler.
586 2385 668 2436 Flacc.

135 2471 164 2530 l,
185 2475 253 2535 ⁴22;
274 2489 364 2522 verum
387 2469 433 2522 hoc
450 2467 529 2522 modo
542 2468 668 2522 Parthum

135 2573 214 2606 nemo
238 2555 389 2626 designarit.
418 2553 503 2608 Parthi
521 2554 619 2626 sagittis
642 2554 669 2606 in

722 1045 800 1098 stulta
814 1047 993 1114 ostentatione,
1009 1067 1090 1118 qaum
1104 1063 1130 1104 to
1148 1052 1182 1104 ad
1198 1055 1262 1106 seri·

726 1127 842 1180 bendum
860 1129 989 1201 adcingis,
1008 1131 1075 1184 liber
1091 1152 1135 1198 es,
1153 1153 1258 1190 versus-

723 1213 916 1284 queeomponis
927 1215 1059 1270 saeuosab
1071 1221 1144 1271 omni
1159 1231 1261 1274 tumore
1347 1263 1349 1268 -

722 1299 803 1380 inani,
820 1297 865 1352 sed
880 1297 1019 1370 elegantes,
1039 1302 1087 1354 scis
1102 1320 1190 1358 mores
1203 1325 1263 1375 pra«

723 1391 768 1432 vos
782 1382 972 1453 perstringere.
992 1383 1058 1436 Huic
1078 1386 1115 1436 rei
1131 1385 1208 1438 verba
1230 1399 1257 1442 et

722 1464 860 1517 sententias
872 1465 1043 1519 adcommoda
1049 1485 1149 1520 οιιιιιιιι
1156 1469 1261 1541 tragicis

721 1545 849 1616 ampullis.

760 1639 785 1681 5.
803 1638 827 1684 6.
843 1629 993 1685 Similitudo
1005 1645 1106 1705 sumpta
1125 1645 1163 1687 est
1177 1653 1192 1688 a
1205 1636 1261 1688 ser·

722 1713 800 1782 culo,
814 1715 882 1785 quod
908 1714 999 1785 aliquis
1017 1717 1133 1787 adponit.
1157 1734 1261 1790 quarrtm

720 1795 896 1868 offus‘rodusti
919 1804 1038 1853 carminis
1058 1805 1176 1873 ingeris?
1203 1802 1261 1875 offa

720 1890 758 1935 est
774 1883 891 1954 globulus
908 1903 953 1937 seu
968 1887 1052 1955 portio
1067 1887 1131 1940 c'ibi.
1152 1888 1177 1940 b'.
1187 1887 1206 1941 l.
1221 1891 1257 1941 si·

721 1965 826 2039 gnificat
839 1979 939 2038 partem
954 1970 1088 2025 carminis.
1102 1973 1193 2025 robusti
1204 1972 1263 2026 lon-

720 2071 752 2122 ge
769 2051 881 2105 deducti.
900 2059 1012 2124 ingeris,
1025 2055 1142 2125 adponis,
1161 2047 1261 2124 objicis,

720 2132 774 2187 lul.
783 2153 845 2204 pro:
874 2137 1019 2190 meditaris.
1038 2139 1152 2191 Sensus:
1172 2141 1260 2208 Quam

721 2215 799 2288 longe
809 2213 944 2294 diductum
957 2225 1160 2292 cormenlparas?
1175 2238 1200 2276 ut
1211 2244 1260 2294 par

721 2315 753 2353 stt
766 2315 865 2354 coturno
879 2315 978 2372 gutture
990 2308 1044 2358 uiti.
1060 2303 1159 2358 Nititur
1175 2307 1260 2376 aliqua

720 2403 762 2438 res
780 2378 827 2451 eo,
841 2405 893 2455 quo
910 2387 1069 2451 sustinetur,
1092 2399 1116 2441 et
1131 2389 1175 2453 id,
1190 2391 1261 2461 quod

720 2469 846 2534 sustinet,
867 2468 989 2520 subticere
1015 2470 1090 2524 debet
1108 2475 1184 2524 oneri
1203 2473 1256 2525 im·

719 2551 810 2622 posito,¹
820 2571 925 2604 carmen
934 2556 1023 2606 nititur
1035 2567 1141 2624 gutture,
1155 2555 1259 2625 quando

135 2636 232 2708 proelio
259 2636 370 2690 maxime
401 2635 545 2701 valebant,
573 2655 669 2708 eaeque
722 2655 770 2687 vox
789 2637 816 2688 in
834 2635 965 2688 recitando
977 2655 1031 2689 non
1049 2637 1143 2691 delicit.
1161 2641 1260 2692 Sensus

135 2721 185 2775 tela
207 2741 296 2780 eorum
315 2723 425 2792 propria.
440 2723 573 2775 Pharetrae
592 2741 671 2786 vero,
721 2719 805 2790 itaque
824 2729 877 2770 est:
897 2715 925 2770 ut
939 2729 1044 2771 eentum
1063 2718 1183 2791 linguae,
1208 2721 1262 2773 ho-

135 2807 162 2860 in
180 2809 272 2878 quibus
288 2808 392 2879 sagittas
410 2809 557 2880 gestabant,
578 2809 609 2860 ab
625 2807 671 2860 lru·
721 2802 807 2855 mines
828 2805 970 2871 (centenum
998 2807 1100 2874 guttur)
1130 2805 1161 2858 ed
1195 2803 1260 2858 illud

136 2893 213 2944 meris
233 2892 372 2962 pendentes
390 2891 517 2963 superiori
534 2909 579 2944 sua
599 2905 670 2962 parte
721 2888 817 2960 grande
825 2907 888 2958 opus
897 2887 1057 2941 recitandum
1068 2889 1260 2956 desiderentur,

135 2974 251 3046 cubitum
278 2973 457 3046 adtingebant,
482 2986 511 3028 ut
534 2975 671 3028 commode
722 2982 764 3023 aut
778 2971 885 3024 carmini
902 2970 1034 3024 recitando
1052 2972 1094 3024 vix
1115 2973 1260 3028 subticianr.

135 3057 196 3110 inde
213 3057 318 3128 sagittae
337 3056 455 3128 depromi
473 3068 586 3128 possent.
605 3059 667 3110 Pin·
722 3055 790 3121 Quia
805 3049 996 3120 ,similitudine
1011 3063 1132 3120 retenta,
1147 3054 1195 3108 lroc
1210 3057 1260 3109 fer·

135 3129 191 3192 ilar.
216 3139 322 3210 Olymp.
351 3141 388 3202 ll,
415 3146 461 3192 tte
488 3159 561 3212 seqq.
589 3141 671 3194 Πολλά
722 3136 811 3190 culum
825 3137 941 3206 pluribus
954 3149 1009 3190 erat
1021 3140 1194 3204 coenandum,
1209 3141 1260 3193 ad·

135 3241 177 3300 pot
189 3222 231 3274 ὑπ’
241 3223 355 3292 ἀγκῶνος
370 3223 437 3276 ὠκέα
450 3223 511 3292 βέλη
527 3221 605 3277 Endos
619 3224 671 3278 iuri
722 3221 803 3291 posite
832 3222 911 3275 dixit:
942 3236 1045 3294 quarum
1072 3223 1137 3298 offas
1165 3226 1260 3277 robusti

137 3308 671 3380 pepiep2;cer‚1h1SchotleudaeTheo.
705 3307 856 3370 'carmt'ttt'SJ
874 3304 919 3357 sed
937 3307 965 3357 ln
990 3305 1168 3359 similitudinis
1191 3305 1261 3359 (lele-

135 3393 191 3444 crit.
203 3384 350 3458 xv11,'30.
364 3394 408 3446 nbi
421 3395 518 3466 tegitur
531 3394 668 3450 tentatos
722 3381 769 3439 etu'
783 3387 908 3441 iudicium
921 3393 1012 3459 poetae
1030 3392 1161 3458 requiras,
1177 3408 1261 3459 nsque
1280 3385 1282 3391 ’

135 3476 271 3553 φαρέτραι.
302 3479 356 3528 lam
386 3496 448 3530 vero
474 3497 557 3532 ensem
583 3481 670 3530 discere
721 3481 855 3540 troporum
869 3471 977 3524 durities
988 3472 1090 3542 probari
1105 3482 1199 3543 potest.
1214 3476 1262 3526 Ce-

136 3577 196 3628 pro:
216 3557 393 3629 destringere,
409 3559 518 3612 educere
532 3579 546 3611 e
561 3560 669 3631 vagina,
720 3563 806 3607 lerunt
820 3553 900 3607 Persii
914 3565 1028 3626 tempore
1040 3573 1093 3608 non
1107 3568 1160 3608 tarn
1183 3559 1260 3626 luge·

135 3651 227 3694 norrun
244 3651 288 3694 est.
298 3642 395 3710 Quidni
414 3644 491 3695 etiam
512 3642 561 3696 dici
577 3646 668 3712 possit,
720 3637 786 3688 ntosi
812 3646 884 3688 erant
911 3642 1019 3706 poetae,
1040 3651 1067 3689 ut
1083 3657 1171 3690 rerum
1186 3641 1261 3711 copia

135 3730 255 3798 sagittam
269 3729 357 3780 docere
364 3747 444 3797 ,:pr0
458 3727 670 3798 depromet-eea.
721 3730 917 3789 premerentur,
939 3719 1077 3790 sedquum
1097 3723 1198 3774 infinita
1218 3743 1262 3775 re-

136 3810 226 3880 giltam
248 3831 262 3863 e
281 3809 422 3880 pharetra?
440 3808 670 3880 llludadinguiue
720 3805 820 3856 rumvl
842 3803 948 3855 obrutos
969 3823 995 3856 δῦ
1023 3803 1063 3856 lus
1083 3805 1210 3871 flosculis,
1230 3825 1261 3860 ex

136 3893 172 3944 sic
194 3891 358 3947 socileasitu
376 3893 509 3962 pharetrae
527 3904 637 3972 potest
623 3913 667 3945 ex
721 3889 836 3940 Homero
855 3886 962 3957 aliisque
990 3886 1131 3984 decerptis,
1150 3867 1256 3960 prolite-

134 3975 232 4056 plicari,
722 3980 827 4034 rentur,
836 3971 1004 4042 tieripotuit,
1021 3973 1203 4028 utinsumma
1218 3993 1260 4026 re·

170 4065 262 4115 5-t8.
280 4063 357 4114 Ριὲῑι
374 4061 447 4132 fingit
463 4079 489 4113 se
507 4080 520 4113 a
537 4063 670 4126 Cornuto,
721 4073 781 4109 rum
791 4055 879 4125 inopia
895 4065 957 4108 tunc
970 4058 1081 4108 maxime
1096 4055 1199 4110 solliciti
1214 4077 1261 4110 es-

136 4142 323 4210 cuiusnomini
341 4143 673 4214 banesntiraminseripsit,
723 4144 793 4205 sent,
819 4139 880 4208 quid
910 4139 1034 4192 dicerent.
1065 4143 1169 4194 Hanc'
1162 4143 1261 4215 engenii

54 4261 56 4266 ,
136 4225 347 4298 interpellatum:
371 4227 438 4296 Quid
457 4227 507 4280 hoc
528 4227 577 4280 sibi
595 4225 671 4281 vult?
723 4235 901 4295 paupertatem
915 4224 1134 4297 magnisqunque
1149 4225 1262 4282 volumi·

138 4319 180 4364 aut
208 4320 316 4380 (quantae
348 4309 424 4364 molis
446 4301 550 4365 carmen
581 4312 672 4382 paras?
724 4307 947 4364 nibusstudebnnt
965 4309 1135 4377 dissimilare,
1153 4311 1261 4365 materia
