3120 5494
275 520 277 524 .
326 462 518 522 siciamus
555 464 608 520 nr
643 463 1073 527 scarnruurcnunaa
1162 438 1254 532 325

135 659 215 720 sium
236 658 409 732 redeamus,
434 660 597 744 paulisque
617 661 787 722 adcuratius
806 663 844 724 de
865 685 900 725 eo
921 685 1033 748 genere
1053 667 1260 750 disseramus,

135 757 219 838 quod
240 757 288 818 iiie
308 769 428 820 secutus
459 768 512 820 eat.
545 758 709 818 Videamus
730 759 823 841 igitur
843 761 1036 842 primumde
1056 767 1262 846 argumentiss

134 875 211 934 quae
233 853 388 916 tractanda
409 853 464 913 sibi
488 853 668 935 proposuit,
696 855 725 912 in
747 875 879 936 quorum
894 857 1016 918 delectu
1032 881 1137 940 magna
1159 863 1260 923 cautio

1 1023 2 1038 ἵ
113 947 273 1012 -bahenda
295 962 341 1011 est
361 957 475 1032 poetae.
503 948 626 1010 Debent
646 951 728 1010 enim
749 971 811 1012 esse
833 953 1002 1030 eiusmodi,
1024 966 1058 1016 ut
1079 977 1135 1036 per
1153 958 1260 1018 seiam

132 1045 278 1107 lectorem
299 1043 525 1129 quodammodo
549 1043 719 1120 „adticisnm
747 1055 817 1134 pota
838 1047 961 1129 quidem
993 1059 1084 1133 atque
1110 1051 1259 1135 insignia,

132 1141 175 1200 ita
197 1149 298 1202 tumen
321 1139 423 1200 animo
442 1138 680 1221 comprehensa,
708 1149 742 1200 ut
762 1141 902 1203 novitatis
921 1165 1043 1227 quoque
1063 1146 1188 1227 gratiam
1205 1147 1261 1208 ha·

132 1235 243 1310 boam,
264 1256 445 1318 quamquam
469 1235 515 1295 eei
537 1223 740 1316 negligentius
759 1236 1016 1320 circumspicienti
1036 1239 1148 1324 ubique
1170 1243 1259 1303 obvia

133 1337 304 1398 videantur.
339 1335 373 1394 ln
396 1333 494 1416 primu
512 1331 691 1413 satira'e'git
719 1333 830 1397 Noster
859 1333 898 1395 de
918 1336 1082 1418 inportuna
1096 1341 1260 1402 scribendi

131 1441 162 1492 et
183 1429 328 1493 recitandi
350 1427 494 1511 cupidine
515 1447 549 1489 ac
570 1427 608 1488 de
630 1437 766 1508 pravest
787 1439 938 1512 conrupto
959 1432 1125 1494 venustatis
1139 1437 1257 1517 etpal-

132 1523 293 1584 eritudinis
314 1522 436 1582 iudicio.
461 1519 497 1581 ln
519 1520 652 1598 secunda
674 1519 713 1580 de
733 1521 874 1602 precibus
906 1525 1042 1607 inprobis
1077 1535 1107 1587 et
1138 1527 1257 1609 ineptis.

133 1617 239 1677 Tertia
260 1614 491 1676 desidiosam-et
512 1610 633 1674 mussera
659 1613 826 1675 Romanam
847 1615 1033 1676 iuventutem
1057 1619 1258 1700 perstringit;

131 1722 240 1798 quarta
260 1710 408 1792 regnandi
428 1709 624 1790 cupiditatem
646 1729 810 1793 rerumque
844 1713 1033 1792 publicarum
1054 1737 1181 1788 euram,
1202 1736 1259 1776 eo-

131 1831 202 1870 rum
223 1808 358 1870 omnium
380 1806 536 1888 ignaram,
562 1806 673 1888 quibus
704 1807 760 1866 niti
780 1806 896 1869 debeat.
928 1811 964 1870 In
986 1810 1092 1893 quinta
1113 1812 1151 1874 de
1179 1832 1256 1895 uera

131 1905 272 1966 libertate
294 1904 392 1984 agitur
399 1923 409 1980 3
438 1903 470 1963 in
491 1911 573 1963 senta
601 1901 640 1963 de
662 1901 798 1984 legitimo
820 1904 993 1966 divitiarum
1022 1917 1073 1969 aut
1094 1909 1137 1970 rei
1164 1909 1260 1968 fumi-

131 2001 215 2062 liaris
236 2022 299 2061 asu.
320 2001 355 2061 In
378 1999 497 2082 prima,
518 1999 624 2074 terti'a,
645 2008 750 2080 quarta
771 2009 802 2060 et
820 2011 901 2061 sexta
917 2023 978 2062 non
1001 2013 1061 2063 tam
1084 2003 1115 2064 ia
1135 2004 1256 2066 delectu

131 2119 237 2158 rerum
258 2115 396 2178 peccasse
417 2094 552 2172 Persium
573 2095 722 2169 dixerim,
746 2116 836 2176 quam
870 2097 901 2156 in
924 2100 1120 2172 tractatione,
1155 2109 1256 2162 tamen

132 2191 163 2250 in
185 2192 274 2252 tertia
295 2199 426 2252 etsexta
449 2209 517 2249 meo
537 2187 659 2271 quidem
681 2209 769 2249 sensu
785 2187 902 2251 felicius
917 2201 1048 2252 versatus
1061 2203 1114 2255 est.
1134 2194 1259 2256 Secum

130 2285 187 2346 dae
207 2285 315 2347 satirae
336 2295 548 2368 argumentum
571 2281 669 2343 minus
699 2294 803 2365 aptum
836 2283 956 2345 ridetur
983 2287 1103 2349 satirico
1125 2295 1257 2369 potitae,

131 2382 159 2440 ei
182 2381 379 2463 praesertim,
409 2380 461 2462 qui
492 2379 612 2460 pietatis
636 2397 724 2438 seusu
746 2388 806 2437 tam
830 2379 1023 2441 vehementer
1046 2381 1167 2443 inbutus
1187 2393 1255 2464 est,

131 2495 223 2556 quarn
245 2475 382 2546 Persius,
416 2493 598 2554 quamquam
621 2471 768 2532 luvenalis
788 2481 818 2532 et
840 2471 899 2534 boc
919 2473 989 2533 satis
1009 2475 1169 2537 commode
1189 2485 1256 2537 tra-

132 2571 247 2645 ctavit,
276 2591 384 2630 uerum
415 2568 625 2629 declamatoria
655 2567 774 2628 ratione
797 2571 889 2649 inagis
909 2587 1000 2648 quam
1030 2571 1158 2631 satirico.
1192 2569 1256 2632 Lu·

131 2666 222 2726 cinno
244 2665 331 2726 risori
355 2663 461 2725 iustius
483 2683 531 2724 res
552 2662 706 2743 processit.
737 2661 798 2722 Sed
830 2661 860 2720 in
883 2664 1006 2745 quintas
1026 2665 1134 2725 satirae
1164 2685 1256 2747 argu·

133 2771 239 2826 mento
260 2758 442 2842 deligendo,
463 2779 524 2818 non
546 2777 562 2818 e
584 2757 643 2837 vita
667 2757 840 2829 communi,
863 2749 968 2818 aeruiu
991 2778 1007 2818 e
1027 2759 1138 2820 stoicae
1157 2760 1255 2821 disci-

131 2855 233 2937 plinae
253 2855 456 2939 penetralibus
476 2853 677 2935 deprompto,
699 2853 785 2927 cujus
799 2853 890 2912 saeris
910 2873 948 2913 ue
963 2841 1024 2934 ipse
1044 2854 1168 2935 quidem
1183 2855 1258 2920 satis
1337 2849 1340 2860 ’

131 2950 265 3010 initiatus
285 2949 375 3011 fuisse
397 2947 531 3020 videtur,
555 2947 685 3006 maxime
700 2947 800 3007 forsan
816 2947 961 3026 peccavit.
982 2945 1152 3028 Disputatio
1162 2947 1256 3022 enim,
1332 2981 1334 2987 ,

134 3067 215 3129 quae
235 3045 337 3107 subtiti
359 3065 463 3106 rerum
485 3063 500 3103 a
521 3041 678 3104 communi
703 3063 755 3104 usu
777 3051 964 3103 remotarum
985 3043 1125 3106 finitione
1138 3044 1256 3116 nititur,
1295 3102 1298 3108 ,

133 3140 167 3200 in
181 3161 239 3222 qua
260 3140 378 3199 animus
400 3137 446 3197 vel
469 3137 597 3198 maxime
618 3137 655 3196 ab
668 3137 827 3197 oculorum
850 3138 1012 3196 staurium
1035 3137 1256 3200 cousuetudine

132 3234 303 3295 avocandus
324 3242 387 3308 est,
419 3253 475 3314 per
506 3251 538 3291 se
567 3232 625 3290 iam
647 3253 769 3292 omnem
792 3233 943 3312 poeticam
965 3231 1176 3312 tractationem
1198 3251 1254 3293 re-

134 3329 216 3412 spuit
226 3373 239 3402 ,.
258 3330 371 3412 quique
395 3347 461 3387 earn
478 3324 677 3397 nibilominus
697 3335 795 3386 tamen
814 3325 994 3401 tentaverit,
1016 3327 1040 3387 is
1061 3348 1160 3410 neque
1175 3326 1255 3408 apud

131 3425 307 3507 disciptinae
327 3423 417 3485 rudes
437 3443 536 3502 neque
556 3421 637 3502 apud
666 3421 864 3503 philosophos
885 3423 1013 3502 gratiam
1033 3423 1129 3482 inibit.
1165 3424 1256 3484 Eius-

131 3520 218 3582 modi
239 3519 319 3580 enim
341 3519 528 3600 quaestiones
549 3515 649 3578 verbis
669 3515 789 3578 scholae
810 3517 943 3592 omissis,
965 3528 997 3577 ut
1010 3523 1116 3600 potitae
1130 3537 1184 3600 par
1201 3527 1256 3592 est,

131 3613 292 3676 commode
314 3611 432 3673 tractari
450 3611 498 3671 vix
519 3620 662 3691 possunt,
690 3633 745 3671 nec
767 3611 863 3692 quivis
884 3610 980 3672 lector
1001 3609 1117 3670 subtilis
1138 3611 1256 3671 oratio·-

132 3711 180 3771 nis
199 3728 319 3770 scissum
341 3729 448 3788 cupere
471 3705 563 3778 valet,
597 3707 649 3766 nisi
671 3707 797 3766 stoicam
820 3707 970 3767 rationem
986 3707 1072 3787 quasi
1093 3705 1123 3764 in
1146 3727 1257 3766 nume·

132 3815 201 3867 rato
222 3803 338 3865 habeat.
360 3801 510 3862 Videmus
530 3800 655 3884 quidem
676 3802 812 3861 Persium
836 3821 958 3883 operam
980 3801 1075 3876 dare,
1106 3809 1140 3860 ut
1160 3801 1255 3860 scho-

132 3898 243 3960 lasticis
264 3896 462 3979 compedibus
482 3895 561 3956 liber
581 3897 620 3956 ita
642 3894 803 3978 loquutur,
826 3907 858 3956 nt
880 3917 945 3960 rem
966 3894 1012 3954 uei
1036 3894 1160 3956 rudibus
1180 3915 1255 3976 ape-

134 3994 208 4068 riat,
229 4015 334 4056 serum
351 3994 420 4075 'ipse
433 3993 497 4052 eius
510 3991 686 4064 contentio,
705 4013 797 4072 quum
813 3991 896 4052 felici
910 3991 1051 4051 subcessu
1064 3988 1253 4064 destituatur,

136 4091 251 4174 ingrata
271 4098 315 4150 est
335 4089 464 4164 lectori,
486 4087 651 4170 obficitque
665 4087 819 4148 interdum
841 4086 1004 4168 voluptati,
1024 4107 1113 4169 quam
1129 4107 1167 4146 ex
1186 4088 1254 4168 qui-

132 4184 364 4248 busdam'locis
391 4184 461 4244 satis
492 4183 623 4244 feliciter
643 4183 779 4244 tractatis
806 4181 939 4262 alioquin
960 4201 1067 4262 capere
1098 4181 1254 4263 potuisset.

93 4359 101 4368 ,.
133 4286 231 4364 Atque
251 4291 313 4341 tota
336 4281 409 4340 baec
429 4299 495 4356 res,
515 4303 610 4364 quum
632 4300 738 4361 perse
766 4277 941 4338 difficillima
963 4277 1019 4351 sit,
1054 4277 1078 4338 si
1112 4277 1254 4360 cuiquam

133 4399 300 4461 umquam,
324 4377 351 4438 ei
373 4385 489 4436 tuntum
512 4365 666 4460 prospere
679 4375 787 4438 cedere
808 4384 921 4458 potest,
944 4374 997 4455 qui
1018 4373 1070 4450 id,
1093 4374 1173 4456 quod
1189 4383 1254 4433 tra-

128 4481 220 4542 ctare
241 4471 323 4548 vult,
344 4471 476 4554 penitius
500 4472 561 4553 ipse
583 4473 756 4554 inspexerit,
779 4483 811 4536 ut
828 4491 861 4534 ea
884 4478 1016 4552 seponat,
1031 4489 1107 4552 quoe
1128 4468 1252 4530 omnino
