3028 5492
323 357 416 448 oxii
803 389 943 446 innan

319 593 461 670 sequutus
481 584 607 646 ridetur.
628 583 872 646 Commentarius
893 594 992 647 autem
1011 586 1163 669 speciosus
1183 587 1295 666 verbis,
1315 609 1351 656 re
1365 589 1439 651 inn-

320 682 367 742 nis
386 691 430 740 est
448 689 479 740 et
498 680 656 741 verbosum
678 679 783 760 prodit
802 690 999 761 nugatorem,
1022 682 1074 764 qui
1092 681 1233 763 pleraque
1247 703 1309 742 non
1329 685 1441 761 semel,

319 776 371 836 sed
392 775 437 834 bis
458 774 558 848 terre,
581 775 699 835 mutatis
725 773 823 834 verbis
842 788 1020 860 παραφράζει,
1051 787 1081 835 et
1108 797 1214 837 ranam
1244 797 1333 858 saepe
1352 779 1439 840 atie·

320 890 451 953 usuique
471 879 598 930 ostentat
618 870 810 944 doctrinam,
832 892 906 953 quae
927 870 1019 930 muita
1041 879 1106 930 tum
1127 871 1253 931 obscura
1279 893 1341 932 non
1363 872 1440 933 ittu-

319 973 415 1038 strat,
435 975 499 1024 tum
513 966 582 1024 satis
601 963 681 1024 claro
703 975 733 1024 et
754 969 909 1046 perspicua
924 964 1031 1026 alienis
1050 965 1213 1025 luminibus
1233 965 1332 1028 affusis
1345 969 1440 1028 obfu-

321 1069 404 1118 scat:
426 1079 519 1142 quare
540 1059 590 1120 vix
609 1061 677 1119 satis
698 1060 800 1120 mirari
822 1081 964 1141 possum,
994 1059 1065 1142 quid
1087 1080 1191 1121 causae
1212 1060 1324 1134 fuerit,
1350 1061 1440 1144 quod

321 1155 504 1214 recentiores
526 1153 724 1236 interpretes,
748 1157 895 1230 Proteus,
918 1155 1135 1230 Sohrevelius,
1154 1153 1302 1216 Marshull
1321 1155 1441 1236 aliique

321 1249 404 1308 liure
426 1249 677 1309 commentarium
705 1251 811 1310 ceteris
830 1249 917 1331 longe
938 1249 1168 1332 praeferendum
1190 1259 1220 1310 et
1239 1249 1278 1310 ad
1304 1253 1439 1312 verbum

320 1348 385 1406 sere
406 1344 604 1425 repetendum
624 1354 675 1405 out
696 1346 985 1428 unicesequendum
1008 1346 1191 1406 censuerint.
1208 1333 1316 1426 Neque
1330 1365 1440 1409 meum

320 1439 412 1498 ruodo
434 1440 490 1497 hoc
511 1438 658 1498 iudicium
678 1449 742 1512 est,
767 1440 820 1500 sed
840 1439 985 1500 Henninii
1005 1460 1128 1521 quoque
1150 1448 1181 1499 et
1200 1439 1336 1500 aliorum.

360 1533 529 1610 Iuvenaiis,
549 1535 580 1591 in
601 1531 679 1592 volt.
702 1534 741 1593 lt.
762 1533 856 1617 Corp.
878 1540 957 1616 poit.
983 1535 1048 1593 Lat.
1070 1532 1141 1594 editi
1155 1554 1171 1593 s
1185 1533 1265 1594 Sam.
1278 1531 1436 1614 Crispino,

320 1627 463 1687 Generae
484 1628 644 1701 (Aureliae
664 1627 803 1703 Allobr.)
1263 1630 1325 1702 ito.
1340 1629 1434 1690 1503.

358 1723 458 1782 Editio
479 1743 580 1782 recusa
597 1744 622 1782 a.
640 1728 690 1787 161
702 1747 724 1783 ι.
739 1733 769 1784 et
794 1725 877 1804 1627.

358 1815 419 1860 *Η
439 1816 589 1876 Iuvenalis
607 1830 634 1876 et
654 1818 750 1878 Persii
769 1819 909 1888 Satirae,
928 1825 971 1876 e'x
990 1816 1118 1898 officina
1138 1815 1349 1889 plantiniana,
1361 1814 1435 1874 Ra-

316 1912 397 1994 pirel.
418 1911 600 1992 Autverpiae
621 1912 678 1983 (In
699 1912 774 1972 Bibi.
789 1914 862 1992 Bag.
880 1911 984 1984 Gali.)
1230 1913 1325 1971 iunio.
1342 1909 1433 1971 1605.

361 2005 510 2066 Iuvenalis
529 2019 561 2095 εἰἱ
577 2007 676 2066 Persii
697 2008 827 2085 Satyrae
845 2027 912 2066 eunt
931 2007 1234 2068 Commentationibus
1249 2007 1282 2065 ¹et
1302 2005 1434 2065 Parali-

269 2107 271 2112 ’
317 2103 456 2182 pomeriis
476 2102 514 2160 Β.
537 2097 697 2162 Autumni.
718 2103 809 2162 Paris.
836 2101 920 2182 1607.
944 2103 1015 2162 Item
1028 2102 1174 2182 Stephani
1188 2101 1319 2162 Cluverii
1333 2101 1434 2160 Com·

203 2233 205 2236 -
322 2198 486 2254 mentarius
506 2199 538 2256 in
558 2199 598 2258 A.
619 2195 864 2274 PersiiSutyrar.
885 2195 977 2256 Paris.
997 2199 1082 2277 1607.
1102 2199 1178 2256 Item
1198 2197 1328 2282 Cluverii
1338 2197 1433 2276 peri-

319 2291 445 2370 phrases
463 2293 681 2372 aenigmaticae
705 2294 745 2350 'in
776 2292 967 2351 quenalem:
1002 2290 1163 2352 adinventae
1182 2292 1243 2350 Ios.
1263 2290 1431 2372 Scaliger-i,

322 2385 423 2466 Lipsii
442 2400 470 2446 et
490 2387 619 2447 aliorum
638 2387 874 2470 explicationem
892 2386 1033 2462 Parisiis,
1053 2385 1138 2468 apud
1160 2386 1236 2444 ttob.
1257 2388 1346 2446 Fovet

1197 2541 1201 2550 ,
1248 2481 1317 2542 tiro.
1341 2481 1434 2562 1607.

365 2575 499 2634 Cluverii
517 2574 707 2658 Periphrases
724 2575 926 2659 quorumdem
946 2574 1083 2638 locorum
1104 2573 1253 2636 luvenalis
1272 2574 1434 2636 diffinitio·-

322 2691 402 2743 rum,
422 2669 459 2728 ab
480 2670 633 2730 Henninio
654 2672 783 2732 insertae
804 2673 891 2732 Notis
905 2671 1039 2746 Solantia,
1059 2691 1171 2753 paucae
1192 2678 1304 2730 suntet
1318 2671 1434 2752 exiguo

324 2763 371 2822 rel
391 2763 469 2822 nulii
499 2763 573 2824 adeo
604 2765 670 2824 usui
691 2765 727 2824 ad
749 2765 1027 2846 interpretationem
1053 2772 1167 2846 potitae.
1201 2765 1249 2824 Gi.
1270 2763 1371 2824 Barth.
1390 2764 1435 2824 ad

323 2856 399 2917 Stat.
418 2857 454 2916 Τ.
468 2858 490 2915 Ι.
506 2879 534 2937 p.
550 2859 618 2931 432.
639 2858 685 2918 De
706 2861 861 2919 Autumno
877 2870 960 2920 reete
980 2861 1038 2918 iam
1060 2859 1231 2922 Henuinins
1251 2861 1289 2918 ito
1311 2857 1435 2917 iudiea-

322 2949 387 3010 vit:
411 2951 618 3010 «Bernartius
637 2954 806 3013 Autumnus
827 2953 1000 3028 Nitiobrix,
1033 2952 1064 3011 in
1086 2955 1200 3013 Senatu
1223 2949 1436 3032 Burdigalensi

322 3054 487 3125 patronus,
507 3067 622 3106 summo
642 3069 711 3108 oum
735 3071 841 3130 pompa
864 3049 1011 3130 promittit
1040 3050 1329 3118 Commentariorum,
1362 3047 1436 3108 01)-

323 3143 520 3215 servationum,
551 3143 791 3224 Paralipomena
822 3145 852 3202 in
890 3145 940 3204 iias
971 3143 1091 3226 Satyros
1111 3165 1127 3201 a
1148 3163 1180 3202 se
1199 3164 1237 3202 ex
1257 3143 1345 3204 MSS.
1380 3142 1435 3216 (si

323 3233 390 3294 Diis
411 3234 529 3314 placet)
552 3237 722 3310 restitutas,
753 3258 916 3320 omnesque
944 3248 1012 3297 ante
1032 3257 1100 3298 euin
1122 3238 1304 3318 Interpretes
1325 3240 1434 3299 nomi-

322 3329 416 3388 natim
439 3350 509 3388 niox
529 3328 567 3388 ab
588 3331 673 3390 initio
694 3333 783 3390 iactat
803 3334 967 3412 castigatos.
989 3333 1124 3403 Verum,
1158 3332 1222 3393 sine
1243 3332 1354 3392 invidio
1375 3354 1435 3394 ve-

322 3444 391 3485 ruru
413 3423 486 3482 mihi
507 3423 594 3483 liceat
613 3423 735 3500 dicere,
762 3427 786 3486 si
806 3427 914 3506 singuli
937 3447 987 3486 sua
1009 3429 1169 3508 repetitum
1191 3427 1346 3499 venirent,
1367 3449 1435 3486 nu-

324 3515 381 3576 dus
401 3527 570 3576 remaneret
590 3518 697 3597 procul
729 3519 820 3580 dubio
845 3520 1045 3600 ineptissimus
1065 3519 1249 3600 rhapsodue,
1272 3530 1305 3580 ut
1324 3521 1434 3582 Barth.

324 3609 452 3670 Adaeus.
482 3610 623 3687 XXVII,
657 3631 703 3693 ¹7·
730 3613 854 3696 aliisque
876 3633 937 3676 noo
957 3615 1021 3674 sine
1041 3615 1155 3694 ingenti
1177 3614 1283 3676 merito
1303 3635 1358 3676 suo
1378 3615 1435 3676 di-

319 3703 436 3764 nitur.»

359 3801 532 3877 Iuvenalis,
549 3823 616 3862 eum
637 3803 702 3864 ind.
724 3805 856 3889 Langii,
877 3804 1018 3886 Fribnrgi
1255 3799 1314 3880 ito.
1339 3805 1431 3886 1607.

361 3892 513 3956 Iuvenalis
531 3912 560 3957 et
581 3901 717 3976 Persius,
746 3923 815 3961 eum
836 3901 897 3960 los.
922 3891 1035 3980 Larigii
1054 3900 1157 3962 indiae
1175 3903 1310 3962 oninium
1331 3921 1432 3962 vaca-

319 3988 467 4062 bulorum,
479 3991 502 4050 F
506 3991 621 4072 riburgi
1263 3999 1324 4070 tto.
1343 3995 1433 4058 1608.

361 4083 419 4142 los.
441 4085 575 4164 Langii,
597 4086 883 4160 Caesaremontani,
914 4086 1088 4148 Rhetoriees
1109 4096 1139 4148 et
1159 4089 1344 4149 Graecarum
1365 4087 1429 4148 Lit.

319 4175 447 4235 Proiess.
469 4176 499 4234 in
520 4179 679 4239 Academia
701 4179 915 4261 Friburgensi,
937 4203 1026 4261 opera
1048 4181 1141 4264 posita
1164 4193 1279 4242 tuntum
1299 4181 1330 4239 in
1349 4201 1428 4240 oon-

320 4269 449 4330 fleieudo
471 4271 575 4333 lndioe
595 4275 808 4336 vocabulorum
839 4285 891 4348 (et
912 4275 1034 4356 quidem
1058 4277 1243 4358 singulorum
1265 4285 1375 4336 tantum
1389 4285 1429 4351 ),

319 4385 381 4426 non
396 4365 561 4450 phrueium,
574 4368 803 4448 absolutissimo,
816 4371 869 4452 qui
889 4372 925 4432 ob
940 4372 1003 4434 aliis
1016 4371 1125 4434 deinde
1144 4371 1318 4446 editoribus,
1332 4369 1428 4432 edam
