3028 5492
288 367 392 476 lxiv
703 367 785 475 'uu
819 407 983 474 surmus

287 611 453 678 sollicitum
473 610 512 678 de
531 609 662 690 futuris,
678 609 725 676 vel
743 612 879 676 externis
900 612 1068 677 obnoxium
1087 623 1171 690 osse,
1191 625 1291 698 nequo
1310 619 1428 692 extra,

290 712 342 772 sed
357 712 436 772 iutra
456 732 488 772 se
510 731 612 772 veram
633 729 781 792 quaerere
802 709 992 782 felicitatem,
1016 711 1169 770 fortunam
1193 709 1293 771 olleo
1313 721 1426 793 petere

290 817 351 867 eta
373 827 404 867 se
425 807 492 888 ipso
505 826 626 868 sumere
646 806 826 887 sapientium
850 805 1005 886 animique
1026 805 1215 888 aequitatem.

343 904 516 975 Horatius,
545 912 578 963 ut
605 902 732 962 lectores
759 911 790 962 et
818 901 936 962 suavius
965 899 1098 962 afficeret
1124 913 1155 962 ct
1181 902 1422 978 vehementius,

294 1000 398 1062 multis
418 1001 517 1060 satiris
543 999 592 1060 vel
620 999 815 1080 epistolarum
847 995 893 1058 vel
921 997 1081 1059 dramatici
1109 1001 1255 1061 conuiuis
1285 1001 1426 1065 sormam

292 1097 406 1158 induit.
457 1095 625 1179 Vtramque
654 1093 802 1156 rationem
831 1096 949 1178 sequuti
977 1105 1048 1154 suot
1080 1095 1198 1156 Persius
1225 1105 1256 1158 et
1284 1097 1426 1160 luvena-

291 1195 337 1256 lis.
378 1193 440 1256 Sed
465 1206 499 1255 ut
520 1204 652 1268 uocaui,
681 1192 720 1252 ab
741 1191 787 1252 bis
816 1213 906 1252 tanam
936 1199 1051 1253 tantum
1081 1191 1266 1276 alteramque
1294 1205 1425 1258 senten-

291 1293 410 1352 tinniet
431 1290 601 1372 argumenti
625 1297 763 1369 partem,
783 1307 950 1370 numquam
970 1305 1045 1348 vero
1059 1287 1137 1349 illud
1152 1297 1249 1350 totum
1266 1290 1297 1350 in
1312 1289 1425 1356 drama

290 1398 322 1448 et
343 1387 496 1448 actionem
517 1385 678 1459 converti,
699 1383 795 1445 Persii
816 1383 952 1464 dialogus
975 1383 1112 1466 poeticae
1131 1383 1263 1446 similior
1277 1396 1322 1447 est
1336 1387 1428 1470 ligu-

290 1503 365 1558 rae,
380 1503 492 1564 quam,
515 1490 550 1540 ut
564 1480 766 1553 Horatianus,
780 1477 898 1540 vividae
914 1497 1016 1539 rerum
1033 1481 1322 1562 repraesentationi,
1336 1503 1421 1564 quae

292 1598 400 1660 magna
429 1577 645 1638 sententiarum
681 1575 846 1650 varietate,
882 1575 977 1656 gratia
1004 1595 1039 1635 ac
1069 1576 1228 1649 novitate,
1259 1578 1418 1659 ingenioso

291 1695 493 1758 personarum
506 1671 625 1734 delectu
646 1681 675 1731 et
697 1671 808 1752 insigni
822 1691 927 1731 eurum
942 1671 1095 1752 cogitandi
1117 1671 1326 1756 loquendique
1342 1693 1420 1757 pru·

246 1789 250 1796 '
292 1771 422 1854 prietatu
443 1769 573 1830 mirifice
593 1765 731 1828 delectat.
753 1765 906 1828 luvenalis
930 1769 1049 1849 saepius
1072 1766 1210 1829 docentis
1240 1779 1291 1829 out
1310 1769 1425 1832 decla-

290 1866 402 1926 mantis
427 1875 526 1946 partes
555 1864 696 1934 sustinet,
732 1885 824 1946 quam
845 1862 918 1923 alios
939 1860 1149 1944 colloquentes
1170 1863 1308 1925 inducit:
1332 1864 1426 1928 baius

291 1973 395 2024 tamen
416 1963 489 2024 artis
510 1959 693 2023 Horatianus
715 1959 869 2021 defectum
890 1969 1069 2042 compensat
1089 1961 1197 2022 vividis
1218 1981 1322 2024 rerum
1347 1961 1426 2023 ima-

291 2058 428 2139 ginibus,
452 2057 670 2118 sententiarum
691 2056 819 2118 veritate
841 2065 870 2117 et
890 2057 1036 2138 gravitate
1056 2055 1257 2140 dictionisque
1278 2059 1426 2141 proprie-

291 2161 363 2214 tate.
377 2153 473 2214 --ub
494 2152 599 2213 iisdem
622 2152 736 2235 poetis,
754 2149 807 2214 sed
821 2173 838 2212 a
854 2151 955 2212 Persio
968 2161 999 2212 et
1013 2150 1154 2214 iuvenale
1177 2153 1315 2234 saepius,
1329 2173 1424 2236 quam

291 2251 328 2310 ab
351 2249 500 2325 Horatio,
530 2249 635 2311 induci
658 2249 756 2310 solent
784 2247 966 2324 adversarii,
987 2269 1026 2310 ne
1057 2245 1128 2310 ficto
1153 2249 1276 2332 quidem
1299 2251 1425 2311 nomine

292 2345 443 2426 insigniti.
459 2346 546 2423 Quae
566 2367 615 2406 ars
636 2367 698 2406 uun
720 2355 781 2418 est,
799 2345 881 2429 quod
896 2345 984 2406 nobis
998 2343 1175 2427 displiceat:
1190 2365 1263 2406 num
1285 2345 1426 2428 pulcrior

293 2449 337 2503 est
357 2441 460 2522 inrogo
481 2451 511 2502 et
531 2441 701 2516 efficacior,
722 2461 800 2524 quae
822 2443 959 2523 personis
971 2441 1134 2502 animatur.
1148 2441 1315 2503 Enimvero
1327 2441 1424 2502 multu

292 2545 461 2598 occurrunt
481 2537 564 2614 loca,
587 2538 617 2597 in
639 2525 749 2620 quibus
771 2559 833 2598 uon
854 2539 926 2598 sutis
940 2538 1113 2599 manifestus
1127 2545 1173 2598 est
1186 2537 1325 2620 dialogus
1345 2547 1375 2599 et
1392 2540 1423 2600 iu

291 2632 387 2693 dubio
400 2633 541 2714 positum,
554 2642 658 2693 utrum
669 2633 771 2706 vcrba,
784 2653 860 2715 quac
872 2633 1031 2716 leguntur,
1047 2633 1109 2693 sint
1123 2632 1285 2696 adversarii
1305 2631 1422 2716 aliquid

292 2729 494 2810 opponentis,
514 2751 553 2788 an
575 2737 679 2810 poetae
703 2729 818 2790 ironice
841 2727 1129 2811 loquantis-Quod
1151 2727 1189 2789 od
1211 2729 1352 2812 epistolas
1373 2739 1424 2791 ot-

293 2829 385 2898 tinet,
410 2825 594 2888 Horatiauae
616 2827 745 2887 niaximc
766 2825 919 2888 excellunt
934 2825 1125 2904 urbanitate,
1147 2827 1317 2910 argumenti
1333 2847 1425 2910 proe-

292 2924 404 2983 stautio
427 2933 458 2984 et
479 2922 587 2982 eximia
608 2931 690 2998 urta,
710 2943 769 3005 qua
791 2923 909 2984 easdem
931 2942 1020 3003 saepe
1041 2941 1089 2982 res
1109 2921 1192 2983 varia
1214 2923 1331 2984 ratione
1352 2931 1424 2984 tra-

291 3027 373 3093 ctat,
391 3018 518 3078 lectores
538 3017 666 3078 diversis
688 3017 868 3078 excursibus
882 3017 1204 3098 observationibusque
1225 3017 1273 3078 vel
1293 3015 1427 3080 delectat

291 3112 339 3174 vcl
361 3113 470 3187 docet,
487 3111 559 3172 utile
580 3111 662 3172 dulci
678 3113 826 3184 miscens,
850 3131 953 3172 sensus
967 3131 1037 3171 satos
1059 3110 1120 3172 sive
1142 3111 1250 3172 tectius
1269 3111 1425 3193 expromit

290 3211 352 3272 sive
365 3210 512 3283 liberius',
535 3221 566 3271 et
586 3229 658 3282 cos,
678 3209 713 3268 ad
728 3229 805 3292 quos
819 3205 943 3281 scribit,
969 3206 1070 3268 laudat
1091 3207 1137 3266 vel
1151 3207 1268 3289 carpit,
1289 3217 1319 3267 et
1345 3207 1425 3270 bor-

291 3315 373 3368 tatur
393 3303 441 3368 vel
462 3304 650 3366 dehortatur.
679 3303 764 3364 Idem
780 3303 927 3364 Horatius
947 3303 1050 3364 satiras
1070 3302 1271 3385 epistolasque
1292 3303 1424 3366 notissi-

291 3401 350 3462 mis
365 3401 545 3483 plernmque
566 3410 596 3460 et
616 3399 788 3461 clarissimis
810 3399 963 3480 inscripsit
984 3399 1076 3472 viris,
1096 3399 1213 3460 Persius
1228 3408 1258 3461 et
1271 3397 1426 3462 luvenalis

292 3498 405 3578 ignotis
419 3497 482 3557 fere
503 3507 534 3556 et
555 3496 702 3558 obscuris.
721 3495 802 3556 lllud
823 3493 993 3576 plurimum
1014 3495 1085 3556 lacit
1105 3495 1142 3556 ad
1164 3495 1254 3556 fidem
1269 3505 1300 3558 et
1313 3505 1427 3558 auclo-

291 3595 413 3654 ritutem
434 3591 628 3674 augendamr
650 3593 709 3651 boc
734 3611 807 3652 vero
837 3601 1010 3672 temporum
1033 3591 1200 3652 diversitati
1223 3591 1425 3653 tribuendum

291 3699 357 3765 est,
379 3710 477 3772 neque
500 3689 599 3770 potitis
624 3688 698 3750 vitiu
718 3688 864 3749 dandum.
889 3686 979 3748 lllulti
1001 3696 1158 3768 praetcrea
1182 3687 1339 3764 immines,
1361 3709 1427 3750 no-

291 3786 426 3848 minibus
450 3793 567 3846 tantum
590 3785 675 3860 noti,
694 3805 864 3868 eurumque
884 3783 1010 3844 stultitia
1025 3793 1077 3845 aut
1093 3783 1251 3867 turpitudo
1271 3807 1288 3845 a
1308 3784 1428 3846 trium-

291 3883 364 3945 viris
385 3882 444 3943 illis
465 3903 527 3942 uuo
544 3883 609 3943 lere
630 3879 787 3966 alteroque
806 3879 924 3956 verbo,
944 3903 960 3940 u
982 3879 1125 3943 Iuvenale
1146 3901 1219 3942 vero
1234 3881 1342 3963 passim
1364 3903 1426 3944 co-

292 3980 407 4062 piosius
428 3987 583 4038 notantur.
608 3979 673 4039 Hac
694 3979 812 4039 ratione
826 3997 1014 4037 nonnummr
1029 3999 1058 4037 m
1073 3978 1118 4039 vis
1131 3977 1249 4038 satirica
1263 3977 1426 4052 minuitur3

272 4065 341 4135 ¹illo
362 4074 507 4136 tenebrae
530 4073 633 4136 multis
662 4071 859 4134 obducuntur
887 4073 980 4146 locis,
1012 4072 1049 4133 ud
1077 4093 1211 4154 quorum
1241 4073 1424 4134 senteutiam

291 4170 412 4254 penitus
434 4169 680 4252 perspiciendam
703 4169 872 4253 plurimum
893 4170 1007 4244 refert,
1029 4169 1107 4231 hene
1128 4189 1215 4230 nosse
1229 4168 1367 4230 homines
1387 4191 1425 4232 ac

292 4284 362 4335 res,
383 4263 422 4323 de
443 4265 553 4348 quibus
578 4265 691 4346 agitur.
733 4265 912 4326 Obscuritas
938 4274 1041 4325 tamen
1074 4263 1167 4340 llaec,
1189 4286 1224 4332 ex
1247 4265 1423 4347 ignorantia

293 4359 459 4420 multarum
475 4381 579 4421 rerum
593 4403 602 4438 ,
623 4359 662 4420 ad
678 4381 759 4442 'quas
781 4361 910 4422 latenter
930 4359 1093 4435 alluditur,
1108 4361 1242 4442 profecta
1254 4403 1264 4437 ,
1278 4361 1425 4424 omnibus

291 4455 391 4539 poetis
412 4454 538 4518 satiricis
559 4465 603 4518 est
631 4455 824 4537 communis,
851 4477 949 4541 neque
969 4455 1044 4521 vitio
1065 4455 1100 4518 iis
1122 4456 1284 4536 vertenda,
1304 4455 1424 4542 quippe
