3120 5494
327 469 508 528 nronrnvs
547 467 599 524 nr
636 466 863 528 scurnssnr
899 459 1072 530 senene
1163 441 1248 534 321

140 671 255 734 nonin
276 679 400 731 naturae
420 678 451 730 et
472 668 583 750 ingenii
603 667 743 738 dotibus,
776 669 828 730 sed
862 671 891 730 in
923 671 1120 734 observandis
1150 677 1260 738 artium

138 767 306 850 praeceptis
326 765 451 847 positam
472 763 706 836 existiurebsnt,
730 765 761 824 in
782 766 915 846 pueriles
935 767 1261 834 declamationesubiit

137 871 170 924 et
190 863 223 922 in
240 859 387 943 trigidum
408 870 569 942 troporum
591 869 621 919 et
642 857 810 939 figurarum
831 861 1071 922 adhibeudaruna
1086 865 1259 928 artificium.

137 955 258 1018 Iudicio
278 957 342 1018 reri
364 963 394 1016 et
414 954 513 1035 pulcri
536 954 626 1015 semel
640 965 809 1035 conrupto,
835 955 973 1036 placendi
988 977 1110 1038 qnoque
1124 962 1260 1023 studium

136 1053 302 1134 scriptores
322 1053 354 1112 in
375 1049 510 1112 fraudem
531 1048 654 1120 inlexit,
679 1061 711 1110 ut
733 1071 795 1110 non
816 1052 928 1136 optima
943 1073 1077 1136 quaeque
1091 1068 1261 1136 sequeren-

136 1155 209 1220 tur,
230 1147 429 1230 exemplaque
450 1155 584 1208 veterum
605 1145 790 1227 scriptorum
813 1148 955 1208 imitanda
970 1148 1025 1208 sibi
1042 1165 1260 1231 proponerent,

137 1263 245 1304 verum
270 1252 303 1303 nt
323 1263 357 1304 ee
377 1242 491 1304 chartis
517 1241 699 1312 inlinerent,
720 1262 796 1322 quae
826 1241 1012 1302 multitudini
1033 1245 1256 1324 probarentur,

136 1359 275 1421 quaeque
289 1339 320 1398 in
342 1357 449 1420 magna
471 1338 640 1420 frequentis
655 1335 827 1400 auditorum
849 1337 973 1398 recitate
994 1341 1141 1401 maximas
1161 1344 1261 1404 exclu-

137 1433 286 1495 mstiones
305 1431 485 1516 plaususque
505 1431 679 1492 excitarent.
701 1433 806 1514 Neque
828 1453 901 1493 vero
915 1433 954 1505 ii,
989 1434 1020 1494 in
1041 1435 1149 1517 quibus
1169 1437 1261 1500 altior

137 1527 262 1608 spiritus
282 1528 401 1602 inerat,
422 1528 562 1587 inmunes
583 1535 669 1586 erent
690 1528 816 1586 oniniuo
835 1526 873 1585 ab
895 1525 953 1588 illis
967 1527 1065 1603 vitiis,
1080 1551 1155 1612 quse
1171 1530 1261 1593 huius
1361 1533 1363 1537 ’

137 1623 240 1686 aetatis
260 1633 380 1694 essent3
404 1621 540 1704 plerique
562 1621 666 1702 vigore
695 1632 725 1681 et
754 1621 783 1680 vi
814 1619 948 1682 destituti
980 1622 1107 1684 alioruin
1130 1626 1261 1709 vestigiis

137 1717 354 1793 inhaeserunt,
374 1729 406 1779 et
426 1717 458 1777 in
478 1720 695 1777 sententiarum
717 1717 800 1776 sorio
821 1726 931 1778 ornatu
952 1719 1091 1800 occupati
1113 1720 1260 1784 inventius
1335 1725 1338 1732 ’

138 1809 187 1872 nis
206 1825 237 1872 et
256 1811 483 1895 compositionis
505 1807 622 1870 laudem
644 1809 853 1890 neglexerunt.

141 1939 144 1952 ·
181 1907 276 1970 Erant
294 1927 365 1969 sane
386 1906 436 1967 ills
457 1903 691 1987 temporunulli
713 1897 838 1986 poeseos
858 1893 962 1987 generi
984 1907 1077 1990 magis
1090 1929 1180 1990 qnam
1209 1931 1260 1972 sa·

137 2001 229 2063 tirico
249 2000 499 2070 adcommodata;
529 2019 599 2058 nom
622 2018 741 2060 ntorum
763 1998 959 2081 conruptela,
981 1999 1116 2062 luxuries
1136 2011 1166 2062 et
1186 2023 1261 2084 pro·-

137 2096 265 2158 susiouis
284 2097 396 2159 insanie
416 2095 623 2176 vitiorumque
643 2094 742 2154 omnis
762 2096 882 2176 generis
902 2094 1063 2158 inmanitas
1083 2106 1165 2158 tanta
1184 2111 1261 2172 erat,

139 2201 175 2274 ut
193 2191 407 2274 contemplanti
428 2191 503 2252 haec
522 2188 644 2251 diflicile
664 2199 758 2263 esset,
780 2189 898 2250 satiram
920 2191 1139 2252 conscribere.
1159 2197 1261 2274 Atque

140 2287 188 2350 tis
207 2287 396 2370 temporibus
414 2286 535 2349 visebat
553 2285 652 2346 Arrius
674 2287 795 2346 Persius
815 2285 961 2360 Flaccus,
981 2285 1026 2357 (5)
1048 2296 1135 2346 natus
1159 2287 1260 2347 Vola·

141 2386 249 2454 terris,
270 2391 388 2444 vetusto
408 2381 569 2442 Hetruriae
589 2375 720 2461 oppido,
741 2379 797 2438 sub
816 2378 966 2451 Tiberio.
984 2400 1011 2438 s.
1034 2381 1074 2438 V.
1091 2373 1159 2460 787.
1181 2381 1259 2462 prid.

141 2499 216 2538 non.
238 2476 352 2540 Deobr.
370 2476 466 2537 Fabio
495 2474 634 2546 Persico,
663 2473 758 2534 Lucio
789 2471 915 2532 Vitellio
934 2473 1033 2546 Coss,
1059 2478 1104 2546 (li)
1125 2476 1257 2556 equestri

141 2591 274 2652 genere,
303 2570 447 2652 sanguine
466 2577 498 2630 et
517 2567 668 2628 adfinitate
698 2565 788 2648 primi
819 2563 935 2625 ordinis
966 2564 1038 2627 viris
1068 2566 1258 2627 coniunctus.

140 2667 284 2729 Flaccum
306 2676 424 2750 patrem
447 2661 547 2725 amisit
566 2682 662 2724 annos
682 2661 745 2722 lere
764 2681 816 2722 sex
836 2669 932 2720 natus.
953 2660 1060 2741 Vsque
1080 2658 1118 2720 ud
1138 2658 1258 2722 duode-

139 2829 167 2881 in
180 2826 294 2891 Graecis,
306 2824 332 2876 in
346 2823 446 2877 Latinis
456 2819 593 2876 Messalam
607 2823 670 2874 Cor·
726 2820 798 2872 dium
824 2819 982 2884 Pollionem,
1003 2832 1028 2873 et
1053 2820 1179 2886 clterum,
1206 2841 1258 2890 quo

140 2911 233 2964 sinum
247 2911 371 2963 imitatus.
392 2911 498 2962 Sueten.
517 2907 544 2960 in
561 2905 620 2958 Tib.
633 2911 673 2959 70.
725 2906 864 2958 Afranium
877 2906 1188 2974 Quinctisnum,mollitia
1200 2925 1256 2960 cur·

140 2995 174 3048 cl'.
188 2993 268 3046 Tacit.
284 2996 352 3045 Ann.
367 2994 394 3055 Ι,
411 2999 450 3058 rt,
466 2993 541 3053 Xlll,
563 2997 587 3043 3.
602 2987 673 3042 Cali-
708 2991 795 3058 'poris
817 2989 958 3054 insument,
978 2989 1132 3058 perstrinxit.
1151 2991 1257 3043 Sueten.

139 3076 199 3149 gula
210 3075 335 3148 quidem,
357 3075 401 3144 qni
418 3073 557 3137 caedibus,
579 3071 673 3142 rapinis
724 3073 822 3125 Domit.
836 3083 858 3124 Ι.
869 3075 950 3126 Tacit.
961 3074 1097 3136 nun.xv,
1110 3079 1150 3126 49.
1163 3076 1259 3142 Quam-

138 3172 165 3215 et
178 3161 273 3232 stupris
285 3159 374 3214 omniu
386 3159 506 3223 miscuit,
526 3157 630 3228 Virgilii
647 3169 672 3210 et
723 3158 813 3210 obrem
822 3157 953 3211 Neronem
971 3159 1002 3210 ab
1016 3156 1130 3212 iuvenali
1144 3161 1188 3222 lV,
1200 3165 1264 3216 406..

138 3245 208 3299 Livii
226 3244 317 3314 scripta
335 3242 437 3312 abolere
451 3243 560 3296 tentavit
579 3244 669 3309 (Sue·
723 3251 819 3293 ructum
833 3251 923 3309 putent
935 3242 1095 3311 interpretes.

137 3341 194 3384 ton.
215 3327 297 3398 Calig.
326 3330 414 3393 tt),
439 3325 544 3395 ingenio
568 3322 673 3377 illorum
758 3329 801 3392 (5)
816 3325 895 3377 Persii
908 3330 993 3396 gentis
1006 3344 1063 3379 raro
1084 3329 1111 3378 in
1124 3319 1258 3380 llorii'ono-

136 3415 291 3484 seriptorcm
306 3423 331 3466 et
344 3410 425 3483 gloria
439 3411 568 3474 obtensus,
581 3427 673 3462 rerum
724 3426 783 3459 rum
798 3408 966 3460 monimentis
974 3410 1072 3461 mentio
1086 3414 1122 3462 lit.
1131 3413 1259 3479 Tempore

136 3497 190 3552 illis
209 3499 302 3551 favisse
326 3497 445 3558 ridetur,
467 3495 516 3564 qui
539 3493 580 3547 vel
596 3493 674 3563 ipsius
724 3491 784 3543 belli
798 3491 887 3544 Punici
906 3492 1096 3545 scandicina
1116 3501 1163 3545 544
1179 3495 1258 3545 llore-¹

136 3668 186 3720 dae
211 3665 328 3720 versibus
360 3665 413 3716 suis
444 3662 609 3716 inservirent.
634 3661 672 3712 Ne
724 3677 797 3712 cuns.
815 3659 968 3730 Annispost
984 3658 1053 3712 hunc
1071 3659 1260 3729 paullominus

136 3749 261 3806 Clandius
275 3748 382 3818 quidem
400 3748 509 3801 aMusis
526 3755 581 3797 erut
602 3761 672 3795 aser·
725 3751 828 3793 rentum
860 3739 924 3794 alter·
942 3743 972 3794 C.
993 3745 1092 3795 Persius
1116 3743 1259 3794 urbanitate

136 3853 189 3887 eus.
203 3835 310 3885 Sueton.
331 3831 421 3884 Claud.
444 3838 467 3884 3.
489 3833 530 3882 28.
544 3835 585 3881 40.
604 3825 672 3880 Plin.
725 3837 751 3878 rt
764 3825 881 3878 dectrina
900 3825 1013 3896 insignis.
1027 3827 1081 3879 Cic.
1096 3825 1128 3878 de
1141 3828 1210 3878 Orat
1222 3829 1259 3884 ΙΙ,

137 3915 220 3984 Epist
235 3917 260 3978 1,
276 3920 316 3967 ¹³.
344 3914 428 3966 Tacit.
440 3909 534 3964 Annal.
554 3911 631 3970 ΧΙΙΙ,
649 3913 674 3962 3,
725 3917 749 3961 6.
762 3911 863 3961 Verum
879 3909 990 3964 dubitari
1006 3919 1102 3979 potest,
1122 3907 1208 3960 anilii
1226 3910 1259 3961 ad

137 3999 212 4052 Nero
224 4013 316 4048 ornnes
324 3993 442 4048 liberales
451 3989 599 4062 disciptinas
610 4008 675 4060 puer
725 3995 806 4046 nostri
817 3993 896 4046 Persii
906 4013 987 4066 genus
998 3994 1175 4064 pertinuerint
1185 3995 1260 4046 Men·

135 4081 237 4152 adtigit,
251 4077 520 4150 poesinquesxereuir.
533 4077 672 4129 sestrice
726 4075 763 4126 tio
776 4091 877 4141 quoque
892 4075 1008 4126 titPcrsii
1019 4080 1106 4143 potitae
1116 4073 1259 4126 Phocaeen-

137 4171 180 4227 ⁴0,
199 4169 248 4232 523
270 4161 382 4217 Martini.
401 4163 450 4226 tx,
469 4166 512 4214 27.
531 4163 597 4212 Tres
618 4159 674 4210 eius
726 4156 760 4208 sis
774 4155 840 4226 apud
857 4154 953 4208 Polluc.
973 4157 999 4206 in
1013 4175 1102 4210 onom.
1121 4159 1171 4218 lX,
1185 4163 1208 4208 6.

136 4265 228 4303 versus
254 4265 308 4300 non
335 4244 443 4298 ultimae
471 4253 546 4296 notse
575 4243 674 4311 profert
739 4242 800 4306 -(6)
821 4238 985 4291 Cassiodorus
1005 4250 1096 4291 notum
1116 4257 1176 4291 eurn
1198 4239 1260 4292 dicit

136 4331 223 4386 Schol.
251 4331 283 4383 erl
307 4333 403 4383 Lucan.
421 4330 472 4390 ΙΙΙ,
491 4331 548 4380 264.
575 4327 673 4378 Verum
726 4341 794 4375 anco
807 4322 936 4392 sequenti,
954 4323 1022 4392 quod
1037 4323 1068 4376 ab
1083 4323 1193 4376 Eusebio
1208 4324 1259 4376 lor-

135 4413 670 4478 cl.Taoit.Ann.XlV,t6.Sutirumquo·
725 4427 770 4460 sun
796 4417 927 4462 mutuatus
952 4418 1006 4470 est,
1038 4425 1118 4478 quem
1150 4407 1208 4461 ride
1232 4411 1258 4460 in

136 4519 186 4572 qne
207 4511 249 4553 aut
266 4517 370 4551 carmen
390 4498 488 4568 scripsit
499 4537 507 4564 ,
530 4515 582 4568 quo
606 4494 669 4551 clo·
724 4494 820 4546 Cliton.
839 4492 871 4544 ud
890 4510 949 4546 aun.
965 4497 1038 4546 2050.

239 4599 355 4673 Irni.
767 4703 772 4714 Ι
1119 4589 1156 4662 X
