3046 5498
403 417 681 482 uousuonru
716 365 869 482 iosus
1116 373 1190 494 lili

57 613 284 703 Burdigalensis
315 619 453 700 amicus,
482 644 499 685 s
520 644 582 708 qno
601 619 716 685 Sstirse
735 620 800 686 eins
818 627 850 684 et
869 617 943 684 sales
964 613 1129 688 laudantur
1148 617 1182 688 in

58 719 135 802 llpist
154 719 233 780 XV.
258 754 297 768 --
319 719 449 781 Caecina
480 720 593 782 Decius
613 718 760 792 Albinus,
780 717 878 780 Prscl.
898 717 981 780 Vrbi
1001 728 1031 782 ct
1050 720 1181 784 Tusciae
1212 772 1215 780 .

65 815 249 899 regnantibus
288 817 429 896 Honorio
457 826 488 878 et
519 814 695 878 Theodosio
725 815 779 888 11,
817 822 868 874 sut
888 815 989 896 potius
1010 825 1094 898 pater
1115 815 1180 879 eius

69 911 191 974 Lucillius
211 911 268 972 vel
291 911 458 988 Lucullus,
480 933 570 995 quem
591 914 699 974 Turno
720 920 751 973 et
771 909 907 973 quenali
921 921 1030 995 aequet
1044 911 1181 974 Rutilius
1206 945 1211 953 ·

69 1010 97 1070 in
114 1008 267 1070 ltiuerario
288 1009 323 1083 Ι,
344 1011 404 1089 599
424 1030 486 1091 seq.
507 1007 594 1070 etde
615 1029 676 1094 quo
686 1007 775 1070 docte
785 1031 821 1072 ac
832 1008 957 1092 copiose
971 1009 1034 1090 ogit
1046 1011 1183 1072 Werns-

71 1105 168 1168 dorlin
186 1105 280 1167 Poec
310 1107 376 1166 Lat.
397 1105 474 1166 Min.
495 1107 534 1166 Τ.
554 1105 611 1166 lll.
631 1127 662 1188 p.
687 1107 781 1166 XXll
803 1126 867 1188 seq.
898 1107 935 1168 Τ.
967 1107 1026 1167 lv.
1055 1127 1085 1189 p.
1108 1107 1181 1184 824.

71 1215 97 1264 et
121 1205 148 1264 T.
166 1200 200 1261 V.
212 1223 247 1286 p.
278 1203 347 1266 182.
360 1237 401 1250 --
426 1204 566 1264 Rusticus
586 1201 740 1284 Elpidius,
770 1203 956 1266 Theudorici
976 1201 1081 1265 ltaliae
1101 1205 1182 1290 regis

71 1298 198 1371 multus,
226 1299 287 1380 qui
318 1298 392 1359 olim
414 1319 448 1360 se
467 1297 575 1362 dolore
595 1297 634 1360 ob
655 1299 782 1360 iniurias
800 1323 817 1360 a
838 1295 1020 1382 quibusdam
1042 1307 1181 1382 acceptas

69 1395 199 1454 incensum
222 1393 348 1456 Satires
367 1395 522 1476 scripsisse
543 1414 652 1474 easque
672 1404 776 1478 postea
796 1393 952 1456 damnasse
967 1393 1133 1475 profitetur
1148 1393 1181 1455 in

67 1486 175 1548 moine
196 1485 240 1548 de
264 1487 382 1550 Christi
404 1488 473 1550 lesu
494 1487 651 1550 beneficiis
672 1510 702 1570 p.
725 1487 794 1570 757.
816 1489 900 1550 Post.
920 1487 1029 1550 eccles.
1053 1487 1109 1550 Ge.
1120 1487 1183 1550 Fa-

60 1583 137 1644 lsicii.
158 1617 201 1630 --
223 1581 378 1646 Claudius
398 1583 516 1646 lilarius
538 1584 650 1647 Victor
671 1583 867 1646 Massiliensis
888 1583 996 1646 rhetor
1017 1593 1048 1644 et
1067 1591 1179 1666 poeta,

58 1688 180 1739 mortuns
217 1679 400 1741 Theodosio
427 1701 462 1740 ac
483 1679 699 1740 Valentiniano
721 1679 938 1762 regnantibus,
972 1690 1079 1742 auctor
1104 1679 1183 1762 Epi-

56 1773 135 1835 stolse
155 1774 197 1835 ad
219 1775 407 1838 Sulmonem
430 1775 580 1836 Abbatem
595 1775 641 1838 rel
655 1775 756 1858 potius
769 1775 887 1858 dialogi
899 1777 939 1836 de
949 1779 1098 1857 perversis
1110 1787 1188 1838 suae'

53 1869 143 1927 maris
163 1870 311 1930 risoribus
334 1879 385 1943 (r.
406 1869 593 1930 Wcrnsdorl
608 1872 642 1932 P.
663 1871 701 1930 L.
723 1871 767 1930 llll.
788 1869 845 1930 lll.
869 1891 898 1952 p.
914 1867 1044 1930 LXVlll
1065 1889 1127 1952 seq.
1150 1877 1181 1930 et

54 1970 137 2045 ipsum
158 1963 327 2046 dialogum
341 1986 371 2047 p.
387 1965 442 2028 103
457 1974 544 2046 seq.)-
559 1999 594 2012 ·-
603 1966 730 2042 Probus,
744 1987 836 2048 quem
853 1965 957 2048 Lupus
972 1963 1179 2027 Ferrariensis

54 2061 77 2118 in
93 2059 192 2141 Epist.
212 2062 291 2121 XX.
304 2069 336 2122 et
355 2083 394 2122 ex
413 2082 451 2122 eo
471 2061 611 2123 Barthius
639 2061 766 2124 Adsere.
787 2061 949 2135 XLVIII,
971 2062 1017 2123 16.
1038 2059 1180 2143 floruisse

51 2156 152 2220 dicunt
182 2159 272 2220 circa
301 2180 329 2218 a.
363 2158 439 2220 Chr.
470 2159 541 2230 640.
568 2167 598 2220 ct
628 2160 660 2220 in
688 2159 785 2220 Satira
821 2157 953 2240 quadam
988 2157 1180 2232 ostendisse,

50 2253 203 2316 shristunr
232 2253 329 2314 etiam
360 2274 416 2336 pro
448 2253 573 2336 paganis
602 2254 789 2338 sapientibus
820 2253 978 2318 mortuum
998 2273 1070 2318 esse.
1092 2253 1181 2332 Qusu

48 2349 149 2410 Satius
175 2349 224 2412 rel
252 2371 320 2412 nou
342 2350 499 2413 Luciliano
520 2351 635 2427 fuerit,
658 2351 705 2412 rel
727 2349 787 2413 hoc
807 2359 1019 2433 argumentum
1040 2369 1104 2412 non
1125 2370 1183 2414 ιο·

7 2449 9 2470 ÷
46 2447 115 2508 lum
137 2450 313 2510 rraeurerir
333 2469 455 2510 necesse
476 2456 521 2509 est
553 2447 667 2520 (Conl.
687 2448 739 2506 inl.
762 2445 829 2508 lud.
850 2447 942 2508 Editt.
963 2447 1002 2508 ad
1021 2445 1145 2509 u.1585·
1157 2454 1182 2519 ).

46 2575 82 2590 ·-
100 2543 256 2606 Iohannes
276 2543 318 2605 de
340 2543 505 2606 Gsrlundia
525 2565 548 2604 s.
571 2543 765 2605 Gorlandriu
777 2583 787 2616 ,
801 2541 948 2622 Anglicus
961 2547 1061 2623 poeto,
1074 2560 1181 2622 gram·

48 2642 201 2716 maticus,
234 2639 422 2722 chymicus,
443 2639 673 2700 mathematicus
693 2648 724 2700 ct
744 2636 924 2719 theologus,
943 2637 997 2718 qui
1019 2637 1103 2698 Suec-
1124 2634 1180 2700 Xl·

48 2737 120 2798 rixit
141 2738 287 2800 etunius
322 2737 490 2800 Satirarum
525 2737 713 2798 mentionem
744 2736 817 2797 lecit
837 2735 882 2796 lo.
902 2733 1009 2796 lesus
1029 2732 1180 2814 scriptor.

47 2835 157 2894 lla-itan.
177 2833 273 2896 Ceut.
303 2833 345 2894 ll.
373 2855 405 2894 n.
434 2836 483 2907 48.
505 2865 544 2882 ·-
559 2831 748 2908 Godfridus,
771 2831 993 2892 Wiutonieusis
1014 2831 1046 2917 in
1068 2827 1182 2911 Augliu

47 2929 187 2991 coenobii
210 2930 331 3001 Prior,
351 2940 489 2990 mortuus
511 2950 537 2988 a.
558 2929 618 2988 Ch.
645 2931 732 3003 1141.
753 2927 840 2988 cuius
859 2928 1100 3008 Epigrammata
1119 2924 1182 2988 Su*

46 3030 135 3088 urica
165 3034 199 3086 et
232 3026 329 3086 libros
348 3026 390 3086 de
409 3025 536 3084 diversis
556 3027 714 3086 hominum
736 3024 868 3083 moribus
890 3030 1042 3084 memorat
1075 3019 1183 3084 Balcus

46 3117 62 3179 t
94 3120 116 3181 l.
147 3119 245 3184 Ceut.
283 3119 324 3181 ll.
354 3141 381 3182 c.
414 3119 462 3197 59.
493 3142 523 3202 p.
549 3120 615 3184 166.
627 3128 659 3182 ut
679 3119 722 3180 lo.
744 3120 857 3180 Pitsens
878 3117 910 3178 iu
931 3115 1032 3180 relatt.
1053 3114 1124 3178 hist.
1143 3114 1184 3180 du

46 3215 135 3277 rebus
157 3215 256 3298 Angl.
280 3238 308 3298 p.
334 3233 401 3296 ¹9²·
427 3215 491 3295 193.
512 3249 555 3266 --
574 3215 768 3278 Bernhardus
789 3213 965 3298 Geystensis
984 3211 1182 3296 Palponisto,

46 3313 94 3392 qui
126 3315 171 3374 ito
193 3311 355 3394 inscripsit
385 3311 463 3376 duos
497 3310 594 3374 libros
621 3313 660 3374 dc
687 3312 755 3376 rita'
774 3311 890 3394 privata
916 3319 947 3372 et
971 3308 1090 3382 aulica,
1109 3306 1184 3390 rhy-

46 3405 168 3472 thurinis
192 3407 382 3472 hexametris
401 3410 585 3495 compositos
604 3411 770 3485 (urtam
788 3407 863 3471 dori
879 3407 919 3470 Τ.
938 3405 995 3470 lV.
1014 3425 1046 3488 p.
1067 3403 1172 3479 sau).
