3056 5490
558 455 788 516 strtnnv.
944 487 950 502 ·
1136 445 1316 550 449-

519 753 741 832 8ΑΤΙΗΑ
779 759 825 830 V.

334 929 336 936 ’
435 959 492 1021 no
514 959 761 1022 ntorsrnvn
781 960 899 1024 svvn

388 1073 633 1142 tuniovu
668 1079 956 1143 eouuvrvn

585 1281 768 1318 ttcvttttm.

146 1407 184 1462 Vt
210 1411 379 1482 gratitdnm
403 1426 465 1480 erga
483 1407 635 1471 Conutwn,
661 1423 847 1480 praeceptorem
871 1428 957 1474 mom,
983 1414 1094 1464 ardorum
1118 1413 1230 1466 declaret

106 1493 197 1562 poita,
212 1495 288 1542 utitor
298 1489 383 1560 lepida
395 1492 570 1543 tententianan
585 1491 792 1564 confirmatione.
806 1489 907 1544 Scilicet
920 1492 955 1543 ad
966 1497 1002 1544 rei
1016 1496 1232 1563 magnitudinem,

108 1592 172 1644 quoe
190 1573 269 1624 uerbis
282 1574 383 1643 aequari
398 1590 448 1640 non
463 1576 557 1643 pouit,
574 1571 765 1638 declarmdm,
780 1573 869 1644 poe'tae
882 1574 929 1626 tihi
941 1585 1030 1643 optare
1041 1576 1121 1628 coleret
1135 1590 1232 1630 centum

112 1674 157 1704 ora
169 1667 193 1706 ct
205 1655 321 1722 linguat,
342 1653 479 1706 Homerum
496 1658 572 1705 secuti
579 1675 590 1716 ,-
607 1673 710 1724 epiorum
723 1673 792 1706 more
805 1666 829 1705 ct
839 1656 951 1706 institutio
965 1653 1065 1708 Persica
1078 1677 1173 1726 quoquo
1185 1657 1233 1709 hoc
1301 1687 1303 1695 =

110 1737 168 1788 loco
185 1739 277 1797 utitrtr,
303 1733 451 1806 ruhindeqtc
473 1753 500 1787 te
518 1753 535 1785 a
561 1731 669 1786 Cornuto
689 1735 871 1804 interpellatum
888 1736 986 1808 fingit:
1010 1737 1134 1807 Quorttem
1147 1737 1230 1792 hacc?

110 1820 199 1886 quippe
219 1834 296 1886 neque
312 1833 412 1868 carmen
422 1815 526 1887 ediqaod
535 1815 639 1868 rullime
654 1817 763 1880 condat,
778 1835 854 1886 neque
869 1821 897 1869 iu
916 1830 1062 1888 argumento
1078 1819 1164 1889 aliquo
1176 1831 1229 1872 tra-

111 1902 171 1967 gico
189 1899 310 1960 aerseric,
334 1913 413 1966 neque
428 1898 531 1950 omnino
552 1915 655 1968 pratum
675 1896 745 1948 huito
761 1897 853 1950 caemli
866 1893 1034 1972 nlorcm‚quo
1050 1910 1132 1950 termes
1149 1911 1173 1951 et
1191 1903 1228 1951 ie·

12 2001 15 2016 ·
110 1979 185 2028 ianae
195 1994 234 2028 rec
247 1976 345 2044 ingenti
356 1979 458 2046 strepitu
470 1977 596 2029 actionem
610 1997 640 2030 ac
651 1978 768 2041 tumultu,
790 1989 816 2029 ut
832 1979 1008 2050 pravissimae,
1032 1975 1184 2048 efflatione,
1199 1983 1230 2028 in

108 2059 220 2116 arduum
233 2056 359 2108 induerit
371 2061 439 2126 ecqui
446 2096 455 2122 ,
467 2057 512 2110 ted
523 2059 588 2110 vitae
600 2059 723 2110 humatae
734 2057 950 2122 consuetudinem,
963 2063 990 2112 in
1007 2059 1062 2111 dieo
1074 2063 1158 2129 magis
1176 2079 1231 2112 rna·

110 2138 197 2206 gitque
214 2141 241 2188 in
256 2135 363 2189 deteriru
386 2137 561 2200 delabentem,
582 2144 706 2191 acerrimo
725 2139 779 2192 tale
801 2139 929 2212 dcsricm
952 2139 997 2192 tihi
1012 2143 1164 2209 propositum
1182 2142 1231 2204 eit;

109 2223 169 2288 quin
183 2210 228 2268 hue
247 2219 325 2288 igitur
337 2217 414 2270 verha
429 2231 454 2270 et
473 2223 605 2272 tententiae
624 2221 736 2291 dirigit?
755 2223 796 2272 48.
831 2221 970 2272 Enimvero
977 2231 989 2284 ,⁸
1004 2218 1104 2271 Persius
1122 2220 1230 2282 subiicit,

109 2287 166 2352 huic
178 2317 258 2351 renen
271 2301 379 2352 vanitati
393 2301 507 2369 equidem
519 2301 598 2353 nullut
612 2304 697 2354 suadeo
704 2323 714 2365 ,-
736 2302 815 2354 animi
835 2304 885 2354 mci
904 2321 1010 2352 recessus
1028 2301 1075 2351 tihi
1094 2305 1229 2371 operirem,

110 2385 324 2454 ostenderemqoe,
342 2396 434 2454 quanto
447 2402 532 2434 amore
550 2395 575 2434 te
587 2385 769 2454 complecterer,
785 2396 844 2436 vota
864 2386 1006 2454 poitarum,
1032 2385 1071 2434 vel
1091 2385 1229 2435 inminutis

111 2465 181 2516 relus
195 2484 211 2515 a
223 2463 348 2516 nonnullis
361 2465 441 2535 inepte
453 2463 583 2527 adhibito,
597 2467 623 2515 in
636 2470 749 2518 maxima
761 2483 788 2516 re
799 2477 822 2516 et
835 2483 889 2516 meo
906 2483 976 2516 certat
989 2467 1138 2534 gravissima
1143 2503 1153 2527 ,
1173 2483 1229 2516 mea

109 2547 170 2614 feci.
185 2549 228 2600 29.
261 2545 394 2598 Recenntm
407 2547 458 2596 iarn
470 2549 574 2598 instituit
588 2549 696 2598 onntiean
709 2547 899 2618 beneficiam,
920 2547 1003 2616 quibus
1015 2565 1031 2596 a
1046 2542 1154 2598 Cornuto
1167 2564 1229 2614 puer

111 2631 227 2700 adfectus
241 2630 287 2690 tit,
307 2629 480 2698 declaratque,
500 2639 617 2694 quantem
636 2633 686 2679 citu
706 2625 854 2681 institutioni
875 2639 899 2679 et
917 2631 1057 2698 praeceptis
1075 2629 1169 2680 doleat.
1187 2635 1230 2682 40.

110 2711 304 2764 Familiaritatis
316 2711 406 2762 deinde
420 2711 663 2782 mentioncmfacit‚
681 2729 744 2782 quae
757 2713 805 2763 sili
822 2705 877 2762 cum
891 2711 937 2762 illo
949 2729 1045 2781 semper
1058 2715 1229 2774 tenerascere,

108 2797 212 2846 intimae
228 2798 275 2856 44,
288 2790 474 2863 studiorumque
485 2795 651 2844 commeantem
663 2811 806 2862 morumque
817 2791 997 2844 similitudinis.
1016 2796 1058 2845 62.
1094 2793 1163 2844 Hinc
1180 2793 1226 2844 rie·

107 2876 190 2944 flectit
202 2873 238 2926 ad
248 2875 352 2925 stoicum
363 2873 465 2943 aliquod
476 2873 571 2944 dogma
584 2871 616 2923 de
626 2873 748 2936 libertate,
761 2891 810 2941 quo
822 2878 920 2942 sapiens
928 2874 993 2925 teliu
1006 2872 1068 2924 liher
1080 2873 1228 2941 perhibetur,

108 2958 253 3008 tramitione
272 2954 409 3006 admodum
422 2953 507 3026 felici.
542 2953 638 3007 Artimo
651 2956 718 3008 enim
736 2959 879 3026 graie-timo
896 2965 1025 3024 reputant,
1043 2965 1160 3023 quantum
1176 2959 1229 3023 ipse

108 3039 240 3089 stoicorum
256 3037 403 3106 disciplinae
420 3036 521 3099 debeat,
539 3056 570 3088 ex
586 3037 732 3106 illommque
747 3037 844 3089 ratione
858 3037 894 3088 od
904 3037 981 3087 uitam
994 3053 1048 3086 curn
1061 3038 1140 3086 animi
1153 3049 1225 3087 tran·

111 3119 233 3188 quillitate
249 3129 273 3168 et
285 3119 422 3169 cortetaraia
432 3119 619 3187 traruigendam
628 3118 779 3189 proficerit,
796 3135 839 3170 tuo
852 3119 928 3185 ipsius
942 3116 1053 3186 exemplo
1067 3129 1150 3168 monet
1159 3119 1226 3169 iave-

110 3219 169 3264 nes,
183 3213 209 3252 ut
222 3201 309 3253 eadem
321 3201 500 3271 obporttotitate
517 3211 614 3251 matter
621 3237 630 3261 ,
649 3217 726 3266 neque
745 3202 898 3252 occmionem
912 3198 1025 3250 discertdi
1042 3197 1169 3270 differant.
1187 3205 1228 3252 72.

66 3331 76 3350 ,
113 3283 160 3334 Ad
171 3283 231 3334 hene
243 3295 324 3334 aretem
336 3295 359 3333 et
370 3282 439 3334 beate
458 3281 589 3332 vivendum
600 3281 713 3333 libertate
726 3299 787 3348 opus
800 3297 868 3343 cese,
890 3298 941 3332 non
960 3283 1023 3343 ieta,
1037 3299 1100 3352 quae
1118 3285 1144 3333 in
1166 3283 1225 3332 Da·

113 3385 184 3426 mae,
198 3368 317 3434 agasonis
328 3363 467 3427 eumden,
477 3381 582 3433 perrona
601 3362 708 3427 ridolto,
730 3362 809 3414 civili.
823 3364 864 3414 82.
900 3361 983 3414 Docet
1002 3381 1079 3432 porro
1087 3402 1097 3426 ,
1119 3363 1180 3432 quid
1199 3367 1230 3414 sit

112 3465 144 3497 eu
159 3434 297 3498 Stoicomm
309 3446 445 3509 canentia,
456 3446 494 3496 ita
506 3447 604 3508 vivere,
621 3456 649 3497 ut
659 3445 748 3506 vellit,
762 3439 791 3494 id
803 3455 853 3506 eet,
868 3461 942 3495 vene
956 3445 1075 3496 ldenatic
1091 3445 1141 3494 vim
1155 3457 1178 3496 et
1189 3463 1231 3495 na·

110 3539 192 3579 turam
198 3565 207 3589 ‚
224 3545 289 3596 quae
301 3545 319 3578 e
329 3539 452 3596 praetore,
466 3525 643 3596 philosophiae
656 3527 814 3596 igrearo,non
823 3529 902 3594 pettit
921 3527 1033 3596 aliquam
1046 3526 1168 3595 inpertit-i.
1186 3531 1228 3578 95.

109 3607 156 3658 Ad
172 3612 273 3670 omnio,
290 3625 453 3677 quamtamque
467 3608 537 3669 uelit,
544 3607 672 3679 faciendo
684 3607 777 3676 requiri
788 3607 934 3658 adcttratom
946 3610 1055 3657 omnium
1079 3625 1160 3657 rerum
1182 3625 1225 3656 co·

109 3688 248 3756 guidonem
254 3725 263 3749 ,
285 3691 350 3748 404,
371 3686 556 3757 libertatemque
574 3689 626 3739 cine
639 3689 786 3756 cognitione
802 3690 852 3738 veri
858 3724 867 3748 ,
883 3704 1009 3755 renonquc
1024 3685 1066 3735 uel
1079 3686 1231 3752 expetenda,-

110 3785 164 3818 rum
177 3767 217 3817 vel
226 3766 405 3838 firgicrtdamm
418 3770 524 3830 ratione,
539 3779 563 3818 et
576 3773 661 3820 animo
675 3768 707 3818 eh
720 3767 830 3820 ontniltu
843 3766 1016 3836 utpiditatiitu
1028 3765 1179 3835 motibusque
1190 3783 1230 3815 ue·

111 3847 299 3901 hementioribus
315 3866 391 3899 reato
404 3867 435 3899 ac
445 3849 524 3900 solido
535 3867 566 3900 ne
578 3851 684 3918 cogitari
697 3849 796 3918 quidem
808 3866 889 3918 posse.
909 3851 965 3900 448.
998 3843 1061 3898 Non
1071 3845 1142 3916 posit
1151 3846 1212 3915 fieri
1222 3851 1239 3910 ,'

110 3943 137 3981 nt
147 3933 238 4003 aliquis
250 3935 347 4002 capion
357 3933 471 4003 idemque
483 3932 629 3994 mitescit,
644 3931 688 3984 ced
700 3931 739 3981 ecl
751 3933 853 3983 onuffno
865 3933 962 3999 cupient
972 3931 1012 3981 vel
1026 3933 1127 3981 omnino
1141 3930 1229 3980 stultue

113 4017 171 4065 423.
189 4012 220 4067 V
217 4025 228 4064 t
235 4014 332 4066 domini
344 4017 370 4066 in
383 4031 474 4076 seruos,
483 4015 519 4064 cic
531 4013 693 4082 cupiditatum
705 4015 732 4064 in
745 4015 812 4078 ipcoc
824 4011 996 4062 dominotccse
1009 4013 1141 4080 imperium
1154 4028 1231 4080 aeque

111 4111 229 4147 seacnon.
248 4100 306 4148 434.
342 4094 418 4166 Quod
430 4107 456 4146 ut
469 4095 577 4166 amplius
590 4095 740 4165 confirmet,
753 4095 865 4164 erentplo
876 4097 966 4154 retitur,
985 4112 1002 4142 a
1019 4095 1163 4144 mercatoris
1175 4111 1233 4143 ava.

110 4181 171 4230 ritia
181 4182 274 4248 petito,
289 4179 423 4230 adomnia
434 4179 552 4246 facinore
565 4177 637 4229 illum
650 4176 791 4247 inpellente.
806 4181 874 4238 ⁴393
886 4187 972 4227 contra
981 4187 1135 4246 pugtmntern
1156 4176 1229 4226 indu·

109 4266 144 4312 eit
157 4261 280 4315 hemmam
291 4300 298 4323 ‚
311 4264 455 4312 mercatorio
470 4262 580 4312 artimum
598 4259 733 4310 indiverso
745 4257 890 4310 namnum.
905 4261 952 4309 453
958 4295 969 4320 ,
983 4259 1027 4327 qni
1038 4260 1129 4320 miter,
1140 4257 1229 4309 alteru

59 4364 62 4372 ·
107 4357 149 4394 tn>
160 4345 222 4394 vitio
233 4343 375 4405 declinato,
392 4343 537 4408 inultorum
545 4344 707 4411 praecipitem
719 4358 743 4391 ce
756 4341 893 4392 necestario
914 4339 1015 4391 datione
1027 4341 1067 4392 tit.
1082 4345 1139 4392 460.
1173 4337 1231 4390 lam

109 4424 147 4475 ad
153 4425 234 4476 diam
245 4411 544 4486 similitudinen'ltransit,
558 4425 590 4476 al
606 4433 706 4476 amante
718 4423 806 4492 aliqua
819 4425 1000 4492 emptamque
1011 4422 1151 4475 valedicere
1162 4427 1229 4475 ortti-
