3098 5498
355 385 440 475 172
730 395 733 414 =
787 383 1011 442 nunnius

343 583 411 650 quod
426 581 514 634 docent
533 581 646 650 exempla
663 579 806 645 Lucretiae,
830 581 987 652 Virginios,
1008 579 1160 651 Hippolyti,
1176 577 1374 648 Bittemptunsts
1387 591 1415 631 et
1434 574 1467 632 C.

345 659 412 714 Silii.
431 668 573 716 289-345.
592 663 663 728 Quae
679 681 751 732 quim
772 667 807 714 ito
824 668 886 726 sint,
909 661 968 714 Diis
983 653 1065 731 potius
1081 662 1197 714 iudicium
1210 663 1242 714 de
1258 682 1305 724 eo,
1317 664 1387 730 qeiod
1401 680 1470 713 vere

343 746 414 795 uobis
434 747 568 807 conducat,
582 745 788 815 permittendum,
808 757 866 806 rust,
884 749 906 796 si
926 745 1062 812 optandum
1088 743 1201 812 aliquid,
1225 743 1348 796 orandum
1368 755 1470 805 cst‚nt

344 843 413 877 mnis
425 829 458 877 sit
469 847 530 878 sana
542 831 570 878 in
587 825 688 894 corpore
699 845 776 888 sano,
792 839 817 876 ut
830 845 860 876 ea
873 829 904 876 sit
909 885 913 896 ,
914 827 1007 896 sortis,
1019 843 1105 876 carens
1117 837 1210 875 terrore
1223 816 1328 886 mortis',
1346 825 1471 875 labor-cun

343 911 439 976 patiens
451 919 475 958 et
488 927 575 974 expers
587 913 680 959 acrium
698 907 828 979 afficttnm
841 907 1061 976 cupiditatumque:
1075 910 1111 957 ita
1128 911 1194 956 enirn
1211 907 1371 974 trarrqurllum
1386 917 1470 973 atqua

342 987 439 1038 brutam
452 1008 554 1058 agemus
572 992 669 1054 vitam,
686 1007 746 1058 quac
763 1008 780 1039 a
796 988 849 1040 solo
862 991 950 1039 virtue
966 1007 996 1040 ac
1008 991 1147 1057 sapientia,
1161 1005 1211 1039 uon
1224 1007 1241 1038 a
1253 987 1364 1038 Fortium
1370 1025 1380 1050 ,
1393 1005 1467 1056 pen·

344 1067 393 1120 det·
411 1074 553 1122 346-366.

378 1147 463 1202 Satira
481 1151 542 1203 boec
565 1153 693 1222 praeclara
712 1163 748 1202 cst
768 1164 791 1202 et
805 1156 831 1203 in
844 1150 1026 1220 perficitcimis
1040 1149 1164 1201 luvenalis
1177 1149 1323 1200 carminibus
1333 1147 1467 1198 adrnsme-

279 1282 285 1300 ,
342 1231 438 1293 tundo,
466 1250 528 1301 quac
549 1243 632 1284 tamen
648 1235 803 1284 tractationis
816 1236 900 1300 magis
913 1231 1101 1302 philosophicae
1110 1232 1152 1281 uel
1164 1231 1368 1291 declamationis,
1381 1247 1469 1298 quam

342 1313 442 1380 satirae¹
461 1316 564 1381 speciem
588 1331 649 1382 prae
668 1309 699 1364 se'
708 1315 777 1385 serre
795 1315 899 1364 uidetur.
914 1313 995 1364 Poita
1014 1325 1096 1363 noster
1116 1311 1209 1384 docet,
1231 1310 1342 1361 ltomines
1360 1321 1469 1360 tantum

343 1413 394 1446 non
406 1413 489 1447 omnes
501 1415 588 1464 parurn
602 1397 756 1465 intelligere,
767 1414 830 1463 quae
842 1414 900 1445 vera
916 1407 939 1444 et
951 1414 1013 1464 quae
1026 1397 1129 1463 opinato
1142 1395 1190 1444 sint
1207 1393 1271 1443 bona
1279 1431 1288 1455 ‚
1309 1410 1413 1461 canense
1432 1392 1469 1444 ab

343 1497 443 1529 causam
468 1477 577 1529 omuibus
596 1479 674 1547 vulgo
691 1480 756 1529 votis
776 1488 901 1546 espeterc,
918 1496 980 1547 quae
998 1478 1045 1528 sibi
1058 1478 1237 1528 nociturcsint.
1254 1473 1322 1525 Hinc
1333 1474 1468 1526 rtutcmm

344 1577 422 1619 more,
439 1577 511 1629 quem
521 1563 596 1610 etium
607 1562 633 1608 in
648 1557 702 1611 Sat.
719 1557 915 1626 Xlll.sequutus
932 1570 976 1622 est,
988 1560 1095 1626 primum
1108 1559 1136 1608 in
1151 1557 1253 1611 exordio
1273 1559 1341 1626 quasi
1352 1557 1467 1607 breviter

343 1649 481 1700 memorat,
493 1639 586 1690 deinde
596 1643 695 1706 copiose
705 1640 855 1706 persequitur
872 1657 901 1690 ca
913 1639 977 1688 bona
984 1676 994 1699 ,
1012 1655 1115 1706 quorum
1131 1637 1267 1703 cupiditate
1285 1635 1463 1704 desiderioque

343 1723 452 1772 maxime
472 1723 601 1783 ardemus,
624 1735 647 1772 et
664 1739 738 1791 quam
754 1726 831 1772 noxia
857 1721 996 1788 optantibus
1021 1739 1051 1771 eo
1076 1720 1218 1787 plenamque
1236 1720 1285 1768 sint
1303 1715 1462 1788 acflmint,

343 1803 476 1866 aptissimis
501 1803 604 1852 ostendit
625 1802 743 1870 exemplis
748 1840 757 1863 ,
779 1822 812 1852 ex
830 1802 935 1854 lsistoriu
947 1802 1080 1861 desumtis5
1093 1818 1154 1870 quac
1169 1798 1269 1869 qnidcrn
1285 1801 1375 1873 optima
1388 1817 1458 1865 pro-

342 1883 493 1934 tautirano
509 1897 552 1936 est.
567 1885 692 1953 Exempla
705 1888 770 1935 enim
784 1885 819 1934 ad
831 1903 900 1945 rem,
914 1903 975 1952 qsme
986 1883 1139 1952 explicatur,
1153 1883 1306 1950 perspicuam
1318 1882 1382 1931 nolis
1392 1881 1457 1930 red-

270 2017 272 2023 ,
342 1965 450 2016 dentiam
461 1965 537 2034 longe
546 1967 601 2034 plus
613 1966 699 2016 valent
711 1967 873 2032 argumentis,
886 1963 1049 2033 efficiuntque,
1061 1975 1086 2014 ut
1099 1964 1175 2014 lector
1186 1968 1222 2014 rei
1238 1967 1458 2032 nunnunquam

279 2074 285 2085 ·
342 2059 415 2096 aratra
426 2059 580 2114 perspexerat
592 2050 712 2107 urtiuerse,
730 2063 794 2095 nturc
806 2046 876 2113 quasi
887 2058 944 2095 ante
960 2045 1044 2096 oculos
1057 2045 1151 2094 videat.
1168 2042 1200 2092 In
1217 2042 1263 2093 hac
1277 2044 1374 2112 quidem
1395 2044 1460 2094 dis·

340 2131 464 2195 positione
479 2132 587 2194 partium
600 2139 624 2178 et
635 2129 818 2188 coniunctione,
830 2126 911 2195 qualis
922 2129 998 2175 etiarn
1010 2129 1082 2175 estin
1096 2123 1150 2176 Sot.
1167 2121 1219 2176 VI.
1233 2137 1256 2175 et
1272 2124 1374 2186 xm,
1386 2127 1460 2176 milla

343 2211 450 2259 cernitur
469 2227 511 2258 ors
529 2210 625 2276 poitica
645 2211 716 2272 (nam
735 2207 847 2276 singulae
864 2226 893 2258 eo
910 2209 997 2259 ordine
1010 2225 1085 2276 eaqroe
1095 2207 1253 2264 transitione,
1270 2223 1320 2273 cpia
1332 2209 1358 2255 in
1372 2206 1457 2257 deela-

343 2287 451 2336 mntioue
469 2288 567 2355 aliqua,
582 2287 630 2338 sibi
645 2286 785 2352 succedunt)
791 2308 801 2349 ,·
826 2299 852 2336 at
868 2300 937 2338 tanto
954 2291 1035 2336 maior
1055 2289 1081 2336 in
1101 2303 1183 2336 eortius
1202 2287 1380 2346 exornatione,
1393 2303 1458 2353 quae

343 2366 498 2418 admirabilis
520 2379 556 2418 est
576 2379 599 2417 et
616 2367 825 2418 excellentissima.
853 2395 885 2406 -·
911 2365 983 2416 Idem
999 2377 1185 2428 argumetum,
1198 2377 1295 2434 praeter
1318 2365 1455 2416 lucinium

346 2445 468 2510 (Isaram.
481 2467 507 2516 p.
519 2452 575 2499 205.
586 2460 609 2498 et
623 2444 719 2514 Navig.
733 2467 753 2496 s.
772 2445 843 2498 Vota
855 2465 880 2512 p.
896 2451 956 2498 491.
975 2444 1008 2496 T.
1018 2445 1057 2495 ll.
1071 2446 1111 2496 cd.
1127 2443 1239 2510 Graev.)
1252 2457 1276 2495 et
1293 2446 1458 2496 Aristotelem

342 2527 451 2598 aliosque
464 2530 586 2592 Graecos,
597 2545 698 2594 quorum
710 2527 769 2577 libri
780 2525 838 2597 nsp't
861 2525 940 2595 εὐχῆς
953 2545 970 2576 a
984 2525 1084 2576 Lairtio
1095 2537 1118 2576 et
1136 2523 1230 2576 Proclo
1241 2525 1391 2584 lindautur,
1410 2545 1456 2576 co-

340 2613 410 2678 piosc
427 2612 540 2660 tractauit
564 2606 640 2659 Plato
668 2609 694 2658 in
711 2607 794 2660 Atcit.
812 2608 869 2668 IL,
888 2608 931 2675 qui
949 2607 1080 2676 diulogus,
1091 2611 1183 2675 passim
1196 2608 1222 2656 in
1236 2605 1373 2658 Commisit.
1395 2607 1457 2658 lau·

344 2691 430 2754 datus,
443 2688 556 2742 Socratis
576 2693 683 2740 continet
700 2690 840 2742 doctrinam
852 2689 884 2739 dc
899 2689 1023 2757 precibus,
1036 2707 1109 2759 quarn
1123 2693 1149 2740 in
1160 2693 1280 2757 epitonun
1291 2690 1363 2757 picci
1379 2689 1461 2740 reda·-

345 2789 404 2838 μιν
419 2768 535 2838 Xertopb.
544 2769 684 2822 Memorab.
696 2769 765 2824 Socr.
780 2771 799 2820 Ι
806 2809 814 2831 ,
829 2777 861 2830 3,
882 2777 902 2820 t.
917 2782 941 2821 et
953 2770 983 2822 V
982 2771 1045 2822 ale'r.
1058 2772 1134 2821 Mox.
1149 2769 1179 2823 V
1182 2769 1221 2832 II,
1237 2773 1261 2822 2.
1279 2781 1330 2820 eat.
1354 2777 1377 2821 t.
1392 2789 1457 2839 quo-

345 2871 399 2902 mm
409 2853 482 2904 verba
496 2854 546 2923 ius.
555 2853 590 2903 ad
601 2872 624 2905 ν.
639 2857 684 2904 347
698 2871 747 2920 seq.
757 2853 885 2920 adscripsi.
899 2851 1015 2905 Platonis
1029 2853 1158 2921 dialogum
1170 2851 1294 2903 luvenalis
1303 2863 1362 2902 astte
1374 2852 1461 2904 oados

346 2931 455 2984 babuisse
474 2935 584 2997 videtur,
603 2937 648 2984 etsi
667 2947 745 2986 totam
762 2954 794 2986 esc
807 2953 835 2985 eo
853 2931 962 2986 Sotirarn
975 2953 1114 3002 expressam
1127 2953 1177 2985 esse
1190 2934 1260 2985 nobis
1270 2951 1320 2984 non
1337 2940 1462 3001 persensit

346 3013 460 3066 Heinsius
476 3017 507 3067 de
530 3015 582 3068 Sat.
603 3016 693 3068 Horat.
699 3015 835 3084 p.407.1n
859 3017 964 3068 sectanda
989 3019 1062 3068 etiam
1086 3015 1169 3068 Persii
1195 3014 1280 3068 Satira
1306 3020 1463 3086 reperiantur

346 3095 465 3164 quaedam
482 3098 550 3148 vetut
572 3098 722 3150 limamcnta
742 3115 783 3148 seu
797 3101 893 3166 primae
913 3099 994 3150 lineae
1004 3135 1012 3162 ‚
1024 3097 1108 3168 quibus
1119 3099 1212 3152 colores
1225 3097 1322 3148 induxit
1334 3097 1463 3172 liberulis
1541 3141 1543 3158 2

346 3189 371 3228 ct
384 3182 514 3246 pigmenta
533 3179 660 3248 adspersit.
678 3179 735 3249 Quo
755 3192 836 3230 araem
856 3184 1066 3249 tempomcripta
1079 3183 1110 3231 sit
1125 3178 1209 3232 Satira
1222 3192 1321 3240 nostra,
1333 3197 1386 3231 non
1399 3183 1463 3230 satis

345 3271 455 3322 constat,
472 3271 496 3310 ct
516 3277 584 3310 varro
606 3272 658 3310 aust
677 3273 839 3329 argumeruo,
859 3279 920 3331 quius
937 3279 969 3312 ex
987 3279 1011 3313 ν.
1031 3266 1073 3314 st.
1092 3266 1330 3331 ct236.pctrurt1u,·
1348 3261 1464 3329 adqunc

347 3337 404 3391 loca
415 3357 441 3392 υ.
452 3335 546 3392 Comm.
558 3352 581 3392 et
596 3338 663 3393 Vur.
681 3339 760 3396 tect„
1542 3357 1543 3368 ¹

347 3787 554 3924 Omnibus
573 3851 611 3922 in
630 3850 761 3938 terris,
788 3876 886 3950 quae
913 3867 1002 3926 sunt
1028 3879 1048 3923 a
1075 3847 1241 3924 Gadibus
1267 3875 1388 3952 usquc

347 3965 530 4039 Auroram
551 3983 588 4038 et
606 3967 789 4068 Gangen,
810 3971 920 4070 pauci
941 3967 1160 4069 dignoscere
1179 3983 1337 4070 possunt

381 4221 405 4271 2.
426 4220 532 4290 Gangen
549 4236 594 4288 pro
618 4217 733 4290 Gangem
760 4219 873 4290 recepie
923 4219 1461 4292 stirg.Gc.11.cognoscere2t.discer·
1538 4259 1540 4292 ᾖ

349 4305 873 4360 ⁴7.-dinosceretl.24.49.55.62.
922 4304 1462 4364 nennium.tantustan-
1538 4353 1540 4364 i

348 4389 456 4442 65-69.
468 4393 573 4443 tt-ts.
585 4389 621 4441 ln
631 4389 706 4444 scribi
721 4389 873 4460 iubetSerr.
923 4399 1072 4459 terprenn.
