3046 5498
322 379 435 478 xxia
760 411 817 472 nn
851 411 1006 478 strant,

321 609 424 682 abaris
443 616 596 701 (quarm
617 617 741 694 matos,
760 627 831 678 cam
853 611 966 679 musica
981 620 1012 679 et
1024 609 1180 680 saltatione
1192 607 1357 688 coniuncti,
1373 623 1440 675 aon

321 725 495 788 sermones,
516 729 584 775 oum
605 709 725 775 actious
745 710 933 794 potissimam
954 708 1108 798 copulati,
1129 706 1245 773 mediae
1266 705 1442 772 comoedias

320 803 510 892 temporibus
530 805 724 884 conticuere,
745 815 902 890 postquam
924 807 1046 892 publica
1068 807 1134 891 lege
1154 827 1217 868 oon
1238 807 1367 884 chorus,
1385 803 1442 866 sed

320 903 466 966 maledica
486 906 549 966 eiua
569 903 690 964 licentia
710 898 823 964 sublata
844 911 923 979 erat,
947 913 977 966 et
997 905 1132 987 ingentes
1153 911 1279 978 sumtus,
1308 902 1340 962 in
1361 901 1443 962 illius

243 1077 244 1081 Ἰ
320 1008 499 1080 apparatum
520 993 758 1079 impendendos,
772 996 858 1058 ultra
880 995 1071 1080 suppeditare
1090 1005 1300 1060 recusaverant
1314 995 1346 1070 ii,
1366 1013 1444 1079 quos

319 1085 372 1154 ille
390 1093 509 1176 saepius
528 1090 730 1172 acerbiusque
749 1093 992 1172 perstrinxerat;
1014 1093 1052 1156 de
1072 1115 1133 1178 quo
1147 1117 1175 1158 r.
1190 1093 1247 1154 cel.
1268 1088 1446 1152 Eicbstaedt

324 1185 364 1248 da
385 1183 482 1250 dram.
504 1188 613 1250 Graec.
633 1185 829 1248 comico-sat.
849 1209 881 1270 p.
904 1189 974 1272 73.)
1002 1188 1131 1250 maxime
1162 1186 1377 1250 dominabatur
1389 1187 1445 1251 in·

318 1291 493 1366 temperans
513 1281 563 1342 illa
585 1281 743 1342 cavillandi
764 1281 937 1366 uiriumque
956 1283 1195 1346 deridendorum
1217 1282 1319 1344 libido.
1347 1282 1444 1342 Eam·

318 1377 389 1440 dem
409 1397 481 1440 uero
502 1377 659 1460 spirabant
681 1399 743 1438 non
765 1377 857 1439 modo
877 1379 1054 1440 dracontion
1079 1381 1267 1442 Graecorum
1288 1376 1442 1455 carmine,

317 1471 483 1535 sedetiam
503 1474 589 1554 spica
609 1480 707 1546 (nc.
729 1471 825 1548 illud,
851 1473 934 1557 quod
964 1474 1143 1558 inscriptum
1172 1484 1216 1537 est
1245 1486 1382 1556 Μαργίτης
1409 1483 1442 1535 et
1512 1491 1517 1516 ⁸

316 1585 478 1651 perperam
499 1567 635 1631 Homero
649 1567 815 1643 tribuitur,
837 1570 876 1631 do
897 1591 959 1652 quo
974 1591 1002 1632 r.
1017 1571 1140 1632 Fabric.
1153 1569 1230 1632 Bibl.
1246 1570 1355 1630 Graec.
1370 1567 1442 1630 Vol.

319 1663 345 1724 l.
366 1683 397 1746 p.
418 1664 489 1726 383.
520 1663 558 1724 ed
589 1663 753 1741 ilarius),
789 1665 889 1741 lyrica
918 1665 966 1728 vel
996 1667 1129 1727 ianrbicu
1163 1673 1221 1738 (ut
1243 1664 1441 1739 Archilochi,

323 1779 440 1842 quem,
458 1767 493 1821 ut
513 1759 613 1824 uerbis
634 1758 740 1824 Horat.
761 1760 818 1842 Ep.
839 1761 877 1823 ad
898 1761 957 1824 Pis.
979 1783 1006 1826 r.
1029 1781 1077 1846 79.
1098 1771 1185 1839 utar,
1202 1763 1331 1846 proprio
1344 1761 1444 1822 rabies

268 2021 270 2032 ⁴
320 2007 416 2080 quade
437 2005 522 2063 choris
542 2024 632 2063 earum
654 2009 682 2063 in
702 2008 854 2064 uniuersum
907 2009 1153 2064 motisiostruenda.
1180 2009 1247 2064 Nam
1260 2029 1338 2081 qurum
1354 2009 1443 2082 tragici

294 2128 305 2152 a
319 2093 855 2164 quidquamrelatuminveniri.-—Qnem·
906 2096 1011 2163 potitae,
1025 2093 1137 2163 priscum
1149 2109 1250 2146 morem
1264 2093 1359 2158 secuti,
1374 2093 1441 2146 Sile-

320 2179 466 2242 admodum
484 2197 546 2234 vero
567 2185 656 2252 poetae
677 2181 855 2254 comicogary.
907 2175 948 2228 nis
973 2195 1002 2229 ac
1027 2177 1124 2248 Satyris
1149 2177 1285 2247 primarias
1315 2177 1442 2246 quasdam

321 2263 385 2330 rici,
416 2265 461 2334 qui
480 2265 652 2320 contumeliae
678 2277 704 2320 et
728 2266 857 2321 irrisionis
906 2262 1440 2334 partesdetulisseut:consessioneum,asti

320 2367 396 2403 eausa
417 2347 531 2404 laberium
545 2363 691 2405 sumserunt
708 2371 723 2404 a
740 2351 856 2424 Tragicis
907 2347 1011 2416 erat,ito
1021 2347 1262 2416 putabant,scenam
1276 2347 1329 2400 ruri
1342 2349 1442 2417 aperire

320 2445 490 2504 argumenta,
506 2436 625 2488 heroibus
638 2437 715 2507 prisci
730 2437 785 2492 oevi
799 2457 856 2490 mo·
907 2449 1015 2500 cumque
1032 2449 1123 2484 ornare
1137 2431 1286 2496 arboribus,
1300 2431 1442 2501 speluncis,

318 2537 361 2572 res
372 2519 486 2574 tribuere
500 2521 662 2586 inhonestos,
676 2531 700 2574 et
714 2520 856 2574 ridiculum
906 2516 1038 2569 montibus
1046 2515 1200 2587 reliquisque
1208 2517 1348 2588 agrestibus
1356 2517 1443 2580 rebus,

318 2600 438 2654 habitum
452 2604 582 2673 adfingere
602 2601 732 2665 solebant,
748 2606 790 2674 qui
805 2607 852 2656 Sa.
906 2598 934 2649 in
948 2599 1048 2669 topiarii
1059 2600 1143 2672 operis
1155 2601 1267 2672 speciem
1281 2599 1443 2666 deformatis,

290 2681 293 2688 ’
318 2697 440 2758 tyrorum
465 2705 544 2756 paene
565 2687 753 2757 turpitudinem
778 2709 852 2742 exae-
907 2685 1032 2752 quoniam
1045 2683 1155 2737 Bacchus
1167 2686 1272 2753 eiusque
1286 2684 1348 2738 socii
1359 2683 1440 2736 silve-

321 2779 431 2840 qnaret;
444 2771 480 2822 ita
493 2769 518 2822 in
533 2769 637 2836 sabulis,
654 2769 685 2822 ad
701 2771 856 2824 domesticae
907 2778 972 2818 atres
992 2765 1076 2819 colere
1089 2768 1206 2838 regiones
1229 2788 1259 2821 ac
1275 2767 1443 2839 frequentare

319 2852 390 2906 vitae
406 2853 549 2920 imaginem
567 2851 741 2919 adumbratis,
758 2855 779 2908 si
805 2855 856 2908 civi
908 2849 1085 2903 credebantur.
1114 2852 1199 2905 Maior
1220 2865 1274 2906 erat
1298 2853 1344 2905 ltac
1368 2851 1396 2904 in
1414 2869 1444 2903 re

319 2935 431 3004 cuipiam
445 2935 554 2989 illudere
567 2936 745 3007 uellentatqne
759 2941 857 2992 incom·
907 2931 1012 2985 libertos
1033 2935 1144 2987 Comicia
1164 2935 1294 3004 permissa.
1321 2936 1355 2987 lli
1371 2937 1441 2987 enirn

320 3017 443 3085 enodare,
456 3017 518 3072 haee
530 3019 634 3073 uidetur
648 3041 700 3074 non
715 3041 774 3074 raro
788 3023 857 3076 fraus
907 3027 935 3068 ut
943 3055 952 3080 ,
967 3015 1066 3087 Satyris
1076 3017 1194 3087 expulsis,
1209 3029 1293 3070 vetere
1306 3029 1331 3070 et
1345 3017 1442 3071 tradito

320 3113 529 3168 versataesse,ut
542 3123 602 3158 eum
617 3108 703 3178 satyri
718 3125 853 3176 personam
908 3101 979 3170 quasi
992 3113 1084 3154 ornatu
1102 3102 1265 3157 denudarent
1289 3101 1440 3174 Satyrieen,

320 3196 347 3239 et
363 3205 450 3240 mores
462 3199 534 3257 gestu
550 3188 670 3242 iuberent
681 3201 756 3260 atque
768 3191 857 3244 habitu
908 3185 972 3238 nibil
985 3186 1118 3251 obstabaa',
1133 3205 1184 3257 quo
1203 3189 1292 3240 minus
1310 3187 1441 3240 actionem

320 3269 429 3324 referre.
446 3270 521 3339 Quod
539 3272 645 3341 quidem
662 3279 796 3343 poderi-um
811 3275 851 3328 in.
907 3269 1009 3322 fabulae
1023 3289 1053 3322 ex
1064 3271 1133 3341 agris
1145 3271 1271 3324 inurbem
1284 3271 1441 3325 deducerent

320 3353 439 3408 stitutum
454 3353 552 3407 mediae
567 3357 593 3406 in
618 3357 709 3426 primis
727 3375 756 3410 ae
773 3377 856 3412 naxiae
908 3354 1109 3425 mearumquead
1131 3356 1279 3408 comoediae
1294 3355 1440 3408 similitudi-

319 3437 476 3490 comoediae
488 3438 646 3508 temporibus
659 3439 766 3492 mirifice
783 3441 856 3493 iuua-
908 3427 969 3490 nana
984 3449 1171 3508 compararent.
1181 3469 1215 3480 -
1229 3447 1266 3492 t.⁰
1284 3443 1372 3507 Quum
1392 3451 1443 3492 tra·

320 3517 397 3572 batur
429 3521 524 3594 insigni
548 3519 592 3574 illa
616 3540 783 3592 personatum
812 3542 857 3578 seu
908 3521 1084 3592 gieaSatyrice
1096 3520 1214 3590 plausum
1228 3533 1294 3574 esset
1308 3507 1442 3575 donseeasta

319 3602 470 3672 laruarum,
484 3606 578 3677 (paribus
591 3607 707 3662 instructi
719 3607 856 3662 histriones
908 3605 1147 3675 celebritatemque,
1170 3625 1224 3660 non
1252 3607 1391 3661 sustinebat
1414 3609 1441 3660 in

298 3689 855 3760 'prodibant,etvariatateetdesormitate.
910 3709 1012 3743 scenam
1037 3690 1156 3759 prodire,
1178 3691 1228 3744 nisi
1256 3692 1287 3744 ad
1314 3690 1441 3761 publicam

272 3795 280 3808 ·
320 3777 381 3844 Quo
395 3775 479 3846 magis
498 3787 585 3830 autem
610 3776 696 3850 Satyri
720 3786 777 3831 tum
803 3795 859 3832 cor·
909 3775 1121 3828 communitatem
1132 3775 1338 3847 cumtragoediis
1351 3794 1442 3828 conso·

318 3857 390 3929 poris
413 3858 500 3925 uitiis,
519 3869 577 3913 auus
608 3858 711 3914 lascivia
731 3861 857 3932 omnique
908 3858 980 3910 ciata.
995 3857 1255 3921 Comicasolamsese
1270 3867 1296 3912 et
1308 3858 1442 3929 sineprae·

320 3941 447 3996 dedecore
464 3954 537 3998 erant
551 3944 679 4015 insariaes5
700 3964 731 3998 eo
745 3945 856 4014 amplior
909 3955 985 3995 eunte
999 3943 1092 3996 comite
1107 3943 1197 3996 offerre
1209 3945 1301 4014 populo
1316 3943 1380 3996 nihil
1395 3963 1440 3995 ve-

318 4027 469 4096 suppetebat
482 4027 562 4098 poetis
573 4028 605 4082 ad
619 4027 757 4082 iocandum
776 4027 856 4081 male·
907 4027 1103 4081 recondebatur.
1123 4031 1238 4081 Tametsi
1250 4029 1322 4080 enim
1336 4027 1443 4081 comicis

320 4107 511 4181 dicendumque
525 4111 655 4176 materies,
664 4129 747 4184 eoque
760 4110 857 4165 ducen·
908 4111 988 4182 po'e'tis
1000 4129 1079 4181 aeque
1088 4131 1117 4165 ac
1129 4112 1231 4183 tragicis
1245 4111 1441 4182 artisqnaedsm

320 4189 386 4243 dum
399 4202 453 4246 erat
466 4196 683 4266 ignominiosius,
702 4200 855 4268 Satyrorum
908 4204 981 4246 erant
993 4197 1132 4248 certamina
1139 4218 1150 4260 ,-
1171 4215 1200 4248 ea
1221 4205 1307 4250 tamea
1315 4235 1324 4260 ‚
1349 4196 1383 4249 ob
1397 4195 1439 4247 di-

318 4271 409 4326 bebitu
429 4267 550 4328 indutum
566 4277 688 4350 exagitari
701 4278 728 4330 in
746 4279 853 4332 theatro.
907 4295 1013 4329 versum
1026 4283 1160 4348 pottarum
1174 4279 1323 4346 consilium,
1336 4297 1441 4332 noneo-

319 4385 355 4401 -
367 4365 406 4412 39
420 4357 498 4422 Aliud
512 4361 650 4416 discrimen
664 4363 815 4416 cernebatur
826 4364 853 4416 ia
908 4361 968 4414 dem
983 4362 1088 4416 sacrarat
1100 4362 1227 4419 instructu
1241 4363 1438 4418 labalarnmco·

319 4439 377 4502 loco
389 4441 495 4502 actonis
505 4445 643 4520 deligendo
656 4465 781 4520 scenaque
794 4448 853 4506 dra·
905 4445 1050 4520 mitatnqne
1060 4457 1182 4518 ornata„
