3098 5498
550 411 699 478 sarrai
735 419 791 478 rr.
1025 489 1041 516 ,x
1154 387 1249 482 123.

121 621 231 715 Quae
257 615 430 721 peperit:
458 611 610 690 timidus
635 630 854 720 praegustet
879 613 1017 721 pocula
1044 645 1201 724 pappus.

175 734 368 835 Fingimus
386 730 480 804 baec
490 783 503 823 ,
522 729 640 805 altum
655 727 777 808 Satira
795 748 964 807 sumente
982 735 1213 809 cothurnum

123 849 297 941 Scilicet,
317 863 356 923 et
380 847 495 922 finem
519 851 658 952 egressi
685 849 885 953 legemque
912 851 1084 954 priorum
1193 891 1245 940 ως

122 965 281 1042 Grande
306 959 521 1070 Sophocleo
547 991 698 1039 carmen
724 967 954 1042 bacchamur
979 967 1110 1061 hiatu,

122 1081 321 1158 Montibus
346 1084 519 1184 ignotum
544 1080 693 1157 Rutulis
719 1069 904 1191 coeloque
929 1083 1077 1159 Latino.

123 1197 204 1270 Noe
230 1197 374 1268 utinam
400 1195 511 1270 ranil
541 1193 609 1269 sed
634 1193 770 1270 clamat
795 1197 954 1271 Pontia:
981 1199 1096 1289 Feci,

123 1310 339 1400 Confiteor,
365 1313 570 1415 puerisque
595 1315 687 1386 mois
713 1315 860 1388 aconita
885 1317 1036 1417 paravi,

123 1429 232 1521 Quae
260 1425 447 1531 deprensa
467 1442 622 1531 patente
649 1427 794 1502 facinus
821 1445 946 1502 tamen
973 1431 1053 1532 ipsa
1079 1433 1220 1534 peregi.

126 1546 236 1618 Tune
263 1542 361 1619 duos
385 1568 462 1618 una
488 1546 697 1619 saevissima
724 1549 854 1650 vipera
881 1549 1034 1620 coena?
1193 1545 1247 1598 ⁶⁴⁰

125 1661 239 1735 Tune
266 1659 392 1735 duos?
418 1659 593 1764 Septem,
620 1658 649 1734 'si
676 1679 817 1766 septem
843 1660 943 1735 forte
971 1661 1138 1736 tuissent.
1213 1761 1216 1768 Ι

124 1773 329 1851 Credamus
356 1778 528 1879 tragicis,
556 1775 746 1879 quidquid
763 1776 811 1851 de
836 1775 1015 1854 Colchide
1034 1793 1141 1852 torva
1218 1789 1226 1806 ·

127 1885 277 1966 Dicitur
304 1908 342 1965 et
360 1893 531 1995 Procne,
558 1890 614 1964 nil
631 1909 763 1967 contra
781 1917 914 1982 conor3
943 1909 983 1966 et
1009 1887 1098 1966 illae

126 2007 295 2084 Grandia
315 2024 480 2083 monstra
494 2009 569 2083 suis
585 2008 777 2082 audebant
796 2008 1040 2112 temporibus;
1061 2003 1127 2082 sed
1197 2031 1248 2089 rur

125 2126 214 2200 Non
239 2142 400 2230 propter
427 2111 570 2200 numos.
623 2125 751 2200 Minor
777 2121 973 2200 admiratio
998 2121 1149 2200 summis

126 2239 298 2314 Debetur
324 2243 520 2331 monstris,
548 2243 697 2344 quoties
720 2240 812 2316 lacit
837 2243 894 2315 ira
919 2258 1120 2316 nocentem

128 2357 243 2430 Hunc
267 2383 395 2430 sexum
421 2371 459 2430 et
485 2357 590 2431 rabie
617 2360 722 2432 iecur
749 2355 975 2431 incendente
1001 2353 1183 2430 feruntur

131 2475 381 2576 Praecipites3
403 2491 454 2552 ut
478 2501 563 2550 saxa
589 2477 685 2577 iugis
705 2473 890 2578 abrupta,
915 2473 1053 2577 quibus
1079 2496 1186 2546 mons

129 2587 399 2682 Subtrahitur,
426 2588 601 2696 clivoque
627 2591 724 2666 latus
750 2591 940 2696 pendente
968 2587 1121 2664 recedit.
1197 2623 1248 2674 550

181 2701 287 2780 Illam
298 2701 1106 2814 egonontulerim,quaccomputat,etscelus
1118 2702 1249 2806 ingens

128 2943 184 2987 tsm
202 2945 333 3004 superest,
347 2953 463 2988 veroum
479 2947 663 2998 maternum,a
746 2942 805 2990 643.
832 2931 954 2990 &edesse
975 2943 1059 2990 46-
1076 2937 1184 3005 magieis
1201 2951 1248 3006 pte

130 3033 260 3084 noverea,
278 3021 457 3074 tremissum.
474 3023 665 3076 lterectesen·
712 3023 816 3090 mgiot's
836 3021 922 3091 inepte
940 3025 965 3072 4,
988 3025 1030 3071 44.
1052 3025 1092 3073 46.
1108 3025 1148 3072 24.
1164 3023 1248 3072 26.-

127 3100 239 3155 mutim
253 3107 342 3173 poetae
354 3103 420 3175 cepit
433 3102 472 3157 ill.
485 3107 514 3158 C.
527 3106 560 3158 de
571 3108 661 3177 Haug·
712 3105 746 3156 de
760 3103 880 3157 Colobide
901 3115 971 3156 torva
990 3107 1096 3156 leun.
1119 3106 1161 3156 27.
1181 3107 1248 3154 45-

129 3187 204 3240 triiz.
714 3193 754 3241 50.
776 3193 818 3242 64.
836 3193 876 3242 65.
894 3193 937 3242 56.
956 3193 1064 3241 59-*65
1081 3189 1249 3241 684675.

161 3275 222 3323 633.
239 3271 346 3323 omium
361 3279 449 3328 44.46.
464 3277 506 3328 48.
522 3279 563 3327 49.
579 3269 664 3328 77.έ-
714 3273 756 3326 24.
770 3277 811 3325 85.
825 3281 850 3325 et
861 3271 968 3341 plurimi
981 3270 1057 3325 cota.
1069 3263 1148 3325 Paris.
1164 3287 1178 3322 e
1191 3271 1249 3340 qul·

123 3355 331 3424 puppmrestitui
345 3373 378 3408 en
393 3362 436 3410 23.
450 3362 542 3411 44464.
557 3360 602 3410 Est
615 3361 666 3412 Gr.
714 3355 762 3408 bus
787 3357 851 3416 banc
875 3355 1012 3410 lectionem
1037 3371 1105 3408 nunc
1128 3351 1249 3406 revocari

126 3437 246 3498 πάπποις.
259 3457 338 3508 papas
351 3439 379 3490 in
390 3439 496 3510 reliquis
508 3440 587 3493 libris.
714 3455 773 3491 eum
786 3439 851 3492 Aet.
863 3453 950 3492 torvae
960 3445 1003 3494 72.
1019 3453 1085 3492 terra
1095 3439 1135 3492 77.
1150 3446 1177 3490 et
1188 3451 1248 3507 peu·

162 3525 225 3574 635.
237 3522 339 3573 Scilicet
350 3528 442 3594 egressi
451 3536 475 3576 et
484 3525 564 3594 finem
575 3528 612 3576 40.
625 3529 663 3577 47.
712 3523 810 3580 cissimi
824 3524 900 3576 codd.
913 3525 990 3576 Paris.
1013 3543 1085 3577 saeva
1104 3532 1125 3574 4.
1146 3527 1188 3574 25.
1206 3525 1246 3572 26.

130 3601 174 3650 48.’
185 3603 226 3651 24.
238 3604 329 3654 2245.
340 3607 382 3654 46.
398 3607 439 3654 48.
461 3601 562 3654 Scilicet
574 3607 665 3672 egressi
714 3613 976 3662 saecutus-⁷7.
990 3613 1082 3660 utet.
1099 3615 1125 3657 et
1141 3603 1248 3672 quidam

122 3681 208 3751 finem
229 3689 270 3735 44.
281 3689 319 3736 44.
334 3691 372 3736 45.
389 3690 428 3736 46.
445 3690 486 3736 49.
501 3688 539 3737 26.
557 3688 664 3737 24-27.
714 3689 790 3743 codd.
809 3690 885 3744 Paria
900 3691 969 3761 quod
984 3689 1094 3761 glossam
1107 3687 1214 3742 redolet.

127 3772 172 3819 47.
186 3771 229 3820 49.
241 3771 282 3820 50.
297 3771 406 3822 54-60.
416 3775 456 3822 64.
474 3773 514 3822 65.
528 3774 569 3822 85.
583 3769 666 3822 multo
749 3778 806 3826 644.
824 3773 928 3844 Progne
951 3775 991 3828 43.
1018 3776 1126 3826 47-25.
1144 3777 1185 3823 57.
1206 3774 1248 3823 58.

131 3849 217 3919 aptius
230 3860 257 3902 et
272 3861 356 3913 recte,
378 3851 462 3905 iudice
474 3853 599 3907 Soborafl.
620 3851 664 3923 qui
715 3859 760 3910 60.
777 3861 885 3910 64-67.
898 3861 940 3910 85.
954 3855 999 3908 sed
1014 3857 1061 3910 Gr.
1083 3853 1183 3926 Πρόκνη
1203 3852 1245 3906 di·

127 3936 664 4008 etv.637.postLotinoiuterrog.uotam
714 3939 789 3992 citur.
1010 3947 1012 3952 “
1190 3939 1194 3952 ’

127 4016 209 4090 vulgo
231 4021 292 4088 poni
308 4019 438 4088 probabat.
459 4023 515 4091 Ego
534 4019 664 4074 minorem
748 4025 806 4074 648.
831 4033 854 4071 et
878 4020 947 4072 rabie
960 4019 1062 4072 restitui
1083 4037 1113 4071 ex
1140 4019 1248 4071 44-25,

127 4100 243 4156 distinct.
261 4111 318 4172 post
330 4105 472 4156 cotluonum
486 4102 579 4158 delevi.
715 4109 756 4156 45.
772 4108 812 4155 56.
827 4109 869 4155 57.
880 4108 988 4155 59-64.
1003 4109 1034 4155 63
1053 4107 1092 4155 65.
1104 4109 1143 4156 66.
1155 4107 1248 4156 67.74.

165 4191 224 4238 644).
239 4186 389 4256 deprebensa
404 4193 444 4266 45..
464 4191 504 4242 27.
518 4193 557 4242 63.
576 4192 617 4244 64.
630 4219 664 4231 -—
714 4185 841 4255 Copulam
855 4199 879 4238 et
891 4185 1021 4238 eiecerunt
1032 4184 1145 4238 Hennin.
1158 4195 1184 4236 et
1196 4183 1249 4238 alii.

125 4281 224 4320 wuwn
238 4283 381 4339 protumen
399 4272 597 4340 eonj.Guietus.
714 4273 784 4322 Turn
803 4279 872 4322 certe
904 4279 959 4338 post
987 4287 1087 4331 serum,
1112 4286 1164 4320 non
1191 4277 1249 4338 post

164 4357 291 4407 644.642.
302 4356 445 4424 transpositi
462 4355 490 4410 in
501 4360 543 4410 22.
716 4355 831 4406 monstris
858 4353 941 4404 maior
968 4351 1097 4405 distinctio
1127 4349 1247 4421 ponenda

165 4441 224 4492 642.
242 4450 334 4509 septem
343 4441 366 4492 si
379 4444 420 4495 27.
716 4437 870 4491 videtum·-
882 4455 906 4491 v.
919 4455 975 4508 sup.
990 4437 1052 4503 adl,
1065 4441 1106 4491 45.
