3078 5494
290 344 383 454 nqis
728 377 944 435 nxcvrsvs

288 575 416 658 Rigaltio
437 586 467 636 et
487 577 563 642 Aah.
583 575 730 656 placuisse
748 576 845 638 rideo.
866 575 926 636 Sed
947 575 1079 657 vulgaris
1092 558 1217 657 quoque¹
1229 557 1399 636 verborum

288 672 364 733 ordo
394 672 472 734 bene
500 692 532 733 se
562 670 663 735 habet.
683 672 737 732 tibi
755 692 813 752 pro
826 685 918 742 *tuum
938 671 1050 752 legitur
1070 671 1102 732 in
1127 671 1264 751 acquod
1285 669 1396 731 melius

287 777 318 827 et
346 767 465 828 satirice
495 765 620 828 omnino
653 764 769 828 dictum
793 766 949 828 videbatur
980 766 1237 829 Schuraflcisclrio.
1258 765 1402 846 Barthius

287 860 421 934 (Adsere
444 860 559 936 XXX,
580 869 621 935 a.)
642 871 769 943 putans,
796 861 922 922 verbum
952 862 1082 922 ostendit
1110 861 1199 921 nimis
1225 860 1290 920 leve
1310 869 1341 920 et
1360 859 1401 916 ab

287 955 319 1018 h.
340 953 358 1016 l.
370 955 500 1016 alienum
530 975 612 1030 esse,
641 955 760 1017 emend.
790 955 995 1037 offinditque,
1026 955 1107 1038 quod
1137 975 1225 1016 sensu
1244 955 1401 1014 obscoeno

287 1049 399 1111 dicitur
420 1049 548 1111 Varroni
576 1051 607 1110 in
628 1050 802 1131 Marcipore
821 1072 869 1134 ap.
889 1051 1034 1112 Nonium.
1063 1049 1123 1110 Sed
1143 1070 1198 1110 cur
1220 1048 1274 1108 lux
1295 1047 1402 1108 lucer-

286 1153 343 1203 uae
363 1166 425 1204 non
446 1145 555 1206 sufficit
574 1143 612 1204 ad
632 1144 852 1250 ostendendus]
872 1144 1039 1206 ventrem?
1060 1155 1091 1206 et
1109 1165 1166 1206 cur
1187 1143 1245 1203 hoc
1264 1141 1403 1202 alienum

287 1258 303 1296 a
324 1239 414 1300 tantis
434 1239 636 1300 lrbadrnrbus?
660 1239 720 1300 Sat
739 1240 825 1300 clara
846 1240 932 1300 nuda
952 1241 1076 1301 laccerna
1095 1249 1155 1299 cet.
1174 1236 1212 1298 de
1232 1235 1340 1298 eadem
1365 1255 1403 1296 re

287 1329 365 1392 dixit
395 1329 500 1396 llorat.
529 1332 656 1408 saell,
685 1350 720 1410 7,
741 1334 779 1408 48
800 1354 830 1394 se
854 1377 862 1394 .
883 1343 913 1392 et
931 1333 1000 1394 Sen.
1021 1331 1059 1394 de
1079 1333 1152 1393 Ben.
1172 1329 1251 1404 Vll,
1272 1346 1300 1405 9.
1321 1339 1402 1390 extr.

287 1428 452 1487 Matronae
484 1439 604 1487 nostrae
630 1449 668 1487 ne
697 1356 999 1510 adulteriaquidem
1023 1428 1094 1508 pte
1118 1429 1166 1487 sui
1191 1429 1225 1486 in
1245 1425 1401 1498 cubiculo,

287 1539 379 1600 quum
400 1524 433 1580 in
450 1519 569 1600 publico
590 1519 759 1590 ostendunt.

288 1658 291 1666 .
329 1612 444 1676 Versus
479 1617 543 1676 126.
575 1625 641 1696 post
672 1637 700 1677 v.
737 1635 802 1696 129.
831 1616 946 1698 legitur
966 1617 998 1678 in
1021 1621 1068 1696 74.
1089 1624 1120 1675 et
1139 1622 1253 1696 postr.
1277 1613 1341 1674 128.
1364 1612 1398 1671 in

288 1709 411 1770 vetustis
431 1707 603 1786 codicibus,
623 1730 639 1770 e
658 1709 767 1792 quibus
787 1732 857 1772 eum
872 1710 963 1792 primi
974 1711 1131 1772 restituere
1146 1710 1191 1774 lo.
1200 1705 1396 1788 Cuspinianus

288 1803 321 1860 in
341 1803 400 1863 vita
419 1803 605 1886 sigismundi
624 1805 708 1866 Cass.
729 1826 756 1886 p.
777 1807 847 1880 400.
859 1813 888 1865 et
909 1803 1114 1866 Pulmanuus:
1131 1823 1200 1862 nam
1215 1802 1302 1880 plane
1315 1800 1398 1860 abest

288 1896 327 1955 ab
352 1919 395 1959 ιο.
419 1918 463 1958 ιι.
490 1899 619 1978 14-17.
656 1900 781 1978 19-23.
816 1899 938 1982 25-27.
959 1897 1236 1976 45-23.'75-77.
1257 1905 1288 1956 et
1308 1893 1399 1954 XXX

289 1991 379 2052 codd.
400 1991 494 2054 Paris.
515 1993 686 2054 llenninius
711 2005 839 2070 monet,
863 2013 894 2054 se
922 1992 1079 2056 retraxisse
1102 1989 1218 2053 eumin
1238 2009 1329 2050 suum
1352 1989 1402 2048 lo·

288 2107 380 2159 cum,
406 2087 488 2151 unde
514 2097 700 2148 monstrante
729 2091 808 2149 viam
836 2110 926 2150 sensu
954 2087 1102 2148 exciderit
1122 2086 1163 2146 ob
1183 2091 1401 2167 praetextatam

288 2179 457 2256 licentiam,
488 2203 559 2243 mor
589 2203 661 2244 vero
681 2204 696 2240 a
717 2183 874 2244 curiosulis
905 2191 1044 2262 receptus
1064 2202 1100 2242 eo
1122 2178 1319 2259 migraverit,
1339 2199 1400 2256 (1¹¹⁰

289 2295 351 2335 non
382 2276 550 2358 quadraret.
580 2276 762 2338 Eiectnsest
782 2277 820 2337 ab
841 2277 897 2351 iis,
921 2278 974 2358 qui
995 2279 1039 2337 rei
1059 2275 1240 2338 obscenitate
1260 2271 1399 2332 offende-

290 2369 422 2430 bantur:
445 2371 550 2432 codem
572 2381 693 2446 umen,
715 2393 805 2454 quem
826 2394 909 2436 nunc
937 2371 1112 2454 occupavit,
1135 2369 1203 2428 loco
1223 2367 1282 2426 iarn
1303 2374 1400 2427 exstat

289 2465 323 2525 in
343 2464 390 2524 23.
410 2475 441 2526 et
460 2467 509 2540 84.
529 2465 566 2526 ad
586 2487 682 2547 marg.
703 2465 739 2527 ln
761 2476 889 2549 utroque
910 2487 981 2528 vero
1003 2467 1070 2527 cod.
1102 2461 1212 2542 legitur
1233 2462 1401 2522 Conticue-

292 2582 349 2642 que
367 2563 489 2635 iacens,
513 2571 543 2622 et
564 2573 716 2644 praeterea
736 2564 768 2623 in
789 2561 840 2623 illo
860 2577 1037 2636 cunctorum
1058 2581 1114 2644 pro
1137 2557 1315 2648 multentur,

740 2747 953 2808 EXCVRSVS

683 2899 733 2957 An
760 2896 833 2957 Sar.
860 2897 921 2968 Vl,
948 2896 1014 2964 188.

333 3031 470 3092 Barthius
493 3030 525 3089 in
548 3029 670 3094 Adsere.
698 3029 812 3104 XXIV,
833 3031 861 3093 5.
883 3031 964 3092 htanc
985 3051 1102 3092 versum
1125 3031 1245 3112 putabat
1263 3028 1407 3110 spurium

293 3145 356 3186 esse
387 3132 416 3185 et
445 3124 574 3186 alienum
606 3121 643 3183 ab
665 3123 692 3182 h.
713 3123 732 3184 l.
753 3123 805 3184 ubi
826 3126 940 3206 optima
960 3125 1002 3186 sic
1024 3123 1224 3204 interpoletur
1244 3124 1405 3184 sententia.

294 3217 463 3290 “Scilicet,
484 3217 600 3301 inquit,
622 3219 743 3300 quidam
765 3219 963 3280 serni-Gallus
982 3227 1033 3278 aut
1056 3217 1147 3280 ltalus
1168 3229 1221 3279 aut
1233 3217 1308 3278 adeo
1322 3219 1407 3278 Ger-

292 3332 398 3372 manus
425 3310 526 3371 doluit
555 3310 608 3371 illo
637 3333 710 3372 aero
730 3314 818 3372 scisse
839 3313 957 3374 Graece
976 3311 1117 3373 delicatas
1139 3312 1204 3373 illas
1224 3311 1326 3394 loqui,
1347 3333 1404 3370 suo

230 3460 233 3466 .
293 3425 366 3468 vero
398 3405 513 3488 turpius
543 3427 606 3466 esse
634 3407 750 3484 nescire
780 3401 890 3467 Latine
909 3407 1009 3488 loqui,
1029 3428 1106 3490 quae
1126 3407 1269 3468 barbarae
1291 3405 1408 3488 alioqui

293 3523 356 3561 non
378 3501 467 3560 nimis
487 3509 593 3560 essent.
609 3543 629 3574 „
649 3503 754 3582 Neque
775 3522 832 3582 ego
856 3501 1030 3572 dissimulo,
1062 3501 1135 3561 mihi
1156 3523 1276 3581 semper
1295 3500 1405 3578 displi-

183 3669 186 3676 .
293 3594 389 3656 cuisse
424 3595 504 3654 hunc
525 3615 665 3668 versum,
685 3597 737 3677 qui
758 3596 853 3677 magis
873 3617 999 3658 acumen
1021 3597 1249 3678 orationemque
1269 3595 1406 3656 rhetoris

294 3688 450 3751 ueletiam
473 3689 722 3771 interpolatoris,
743 3691 793 3771 qui
810 3689 870 3752 loci
890 3689 989 3756 Cicer.
1014 3691 1046 3752 in
1069 3692 1187 3752 Corum.
1208 3689 1317 3752 laudati
1338 3711 1405 3752 rare-

248 3815 251 3820 ·
293 3805 361 3844 anor
389 3792 478 3858 erat,
505 3803 594 3865 quam
625 3783 737 3843 satirici
769 3791 875 3866 poetae
902 3783 1035 3862 redolet,
1055 3795 1146 3869 atque
1166 3807 1182 3844 a
1203 3785 1293 3848 codd·
1317 3785 1353 3846 13
1374 3795 1407 3846 et

293 3899 343 3937 aa.
364 3877 454 3938 abest.
475 3875 652 3960 lnrportuna
674 3879 764 3940 etiam
784 3888 828 3939 est
847 3881 912 3941 vox*
926 3881 1040 3959 ringis,
1060 3891 1091 3941 et
1113 3900 1217 3940 manea
1238 3879 1269 3938 h.
1290 3877 1311 3938 l.
1330 3899 1405 3939 seu-

293 3972 402 4045 tentia,
425 3992 502 4055 quae
532 3973 685 4056 quomodo
715 3974 874 4036 commode
902 3973 1016 4056 expleri
1044 3976 1149 4054 possit,
1170 3974 1220 4032 vix
1241 3973 1404 4054 adsequor.

293 4067 375 4128 Num
395 4087 498 4128 seusus
528 4077 591 4142 est,
617 4067 737 4148 turpius
763 4089 825 4130 esse
846 4069 987 4128 Romanis
1008 4069 1134 4144 Latine,
1153 4090 1244 4151 quam
1265 4068 1404 4142 Graece,

277 4161 434 4244 nescire?
465 4182 502 4219 aa
532 4161 651 4240 turpius
680 4183 743 4223 esse
764 4161 798 4223 iis
818 4163 935 4222 nescire
963 4163 1086 4236 Latine,
1107 4183 1195 4245 quam
1218 4166 1334 4224 Graece
1353 4161 1403 4222 lo-

294 4255 343 4336 qui
361 4255 374 4314 ?
394 4271 449 4328 an,
471 4255 552 4338 quod
573 4255 644 4314 teti.
667 4266 769 4320 monet
789 4257 850 4329 (cui
871 4277 973 4317 versus
1000 4249 1119 4318 videtui
1139 4257 1176 4320 ad
1197 4278 1262 4318 rem
1283 4256 1403 4338 aptissi-

294 4359 394 4424 mus),
426 4372 519 4431 quum
555 4352 705 4414 Romanos
730 4351 826 4416 multo
856 4353 948 4433 nangis
979 4351 1140 4430 dedeceat,
1163 4353 1265 4418 Latine
1287 4352 1405 4444 nescire
