3046 5498
343 371 370 412 tt

312 373 391 484 ttti
689 408 797 482 vrrs
833 415 1063 482 tvvsuuurs

309 612 371 689 Hic
392 641 467 687 vero
487 613 625 707 Caligula
644 631 829 688 successerat
864 623 1014 702 tttnto,
1041 619 1083 688 de
1111 622 1199 687 euius
1229 641 1348 690 secessu
1380 619 1452 686 cas

309 718 432 805 prcenri
457 728 516 796 (a.
536 717 574 784 V.
594 741 622 783 c.
637 721 846 806 780-790.)‚
875 719 1039 806 tyrannide
1059 729 1090 784 et
1110 720 1279 784 suricorum
1301 717 1453 806 principe

309 817 423 881 Seiano
443 815 594 904 huiusque
615 827 761 906 potestate
782 839 819 882 ao
839 827 939 881 morte
957 841 987 882 v.
1007 818 1072 882 Sit.
1083 819 1126 896 X,
1140 819 1286 882 sti-113.

349 911 398 976 De
420 911 597 998 parentibus
615 913 724 998 'pottae
743 913 841 977 nostri
862 907 940 976 nihii
963 913 1129 977 memoriae
1150 913 1306 998 proditum
1321 908 1456 997 repori-

307 1016 381 1086 tur‚
401 1021 523 1094 praeter
542 1010 596 1085 id,
616 1011 701 1094 quod
720 1010 813 1074 tradit
828 1010 1016 1074 Suetonius:
1036 1011 1189 1074 Iuvenalis
1202 1009 1338 1073 libertini
1355 1011 1457 1072 locu-

306 1105 418 1191 pletis,
438 1109 587 1170 incertum
609 1107 712 1180 filius.
735 1129 777 1169 an
798 1107 953 1170 alumnus.
1426 1099 1432 1108 ’

349 1201 539 1263 Praenomen
561 1199 711 1264 Iuvenalis
730 1201 891 1264 Decimum
913 1222 1000 1278 esse,
1035 1220 1099 1262 non
1132 1202 1281 1273 Decium,
1316 1205 1455 1281 praeter

307 1293 383 1358 alios
403 1295 508 1358 docuit
529 1296 604 1360 Lud.
626 1296 736 1360 Carrio
758 1297 930 1360 Emendatt.
958 1317 1026 1380 cap.
1050 1319 1074 1358 1.
1096 1297 1145 1357 Ab
1161 1295 1292 1379 antiquis
1311 1315 1384 1357 euru
1407 1289 1455 1352 li·

305 1391 419 1455 trariis
439 1391 645 1456 communiter
664 1391 809 1457 Euticum
830 1387 1043 1476 cognominari
1068 1387 1176 1466 (haud
1197 1387 1290 1454 dubie
1311 1397 1453 1473 propter

306 1487 441 1571 piurima
463 1511 584 1553 morum
607 1500 788 1574 praecepte,
809 1510 888 1574 quaa
909 1490 1008 1554 asticis
1028 1489 1090 1552 suis
1105 1489 1285 1566 intexuit),
1307 1496 1340 1549 ut
1360 1487 1453 1548 Mar·

228 1630 229 1638 1
306 1584 409 1648 tialeru
429 1608 582 1670 coquum,
602 1578 796 1669 Propertium
818 1600 967 1678 nautam,
987 1585 1131 1648 Ovidium
1156 1587 1286 1659 Getam,
1307 1581 1450 1646 Statium

304 1683 517 1767 Aquilinum,
540 1681 742 1746 Prudentium
764 1705 948 1758 nuscanum,
979 1692 1084 1746 monet
1103 1682 1206 1745 Barth.
1228 1680 1357 1743 Adsero.
1377 1679 1450 1751 vt,

308 1801 335 1840 ι.
356 1779 470 1842 Eodem
491 1779 616 1841 nomine
636 1780 747 1862 passim
769 1779 947 1842 laudatura
973 1781 1065 1842 Petro
1088 1777 1238 1842 Blaesensi
1261 1778 1294 1838 iu
1314 1775 1449 1859 Episto-

305 1874 362 1952 tis,
385 1879 430 1938 io.
451 1876 687 1950 sarisberiensi,
710 1877 879 1942 Vincentio
900 1878 1011 1940 nettov.
1025 1879 1153 1962 aliisque
1174 1877 1264 1939 huius
1279 1878 1343 1938 aeri
1359 1875 1448 1937 sori-

305 1969 467 2052 ptoribuc,
490 1971 542 2055 qui
563 1981 594 2034 et
614 1971 749 2053 reliquos
771 1979 876 2058 potitos
896 1974 1034 2034 satiricos
1055 1994 1165 2036 vocure
1185 1971 1443 2042 minutatione,

305 2065 451 2150 quoniam
472 2079 550 2137 ἠθικὰ
572 2067 761 2150 potissimum
784 2067 823 2130 ab
848 2067 884 2130 iit
905 2075 1082 2131 tractantur.
1103 2069 1150 2129 Cf.
1172 2067 1252 2128 Dan.
1274 2066 1379 2128 Heius.
1401 2063 1447 2124 de

305 2161 369 2222 Sat.
389 2161 494 2224 Horat.
516 2161 572 2224 tib.
591 2162 617 2224 1.
638 2183 706 2248 pag.
721 2163 772 2240 48.
792 2172 822 2224 et
842 2163 941 2225 Nicoi.
961 2163 1087 2232 Antonii
1109 2161 1185 2226 Bibl.
1199 2161 1265 2224 Vct.
1288 2158 1371 2243 Hisp.
1385 2158 1446 2222 lits·

304 2255 330 2319 I.
364 2277 410 2341 ag.
430 2259 481 2320 62.

342 2279 480 2414 ¹i’atrium
500 2360 607 2438 potitus
628 2352 720 2416 fuisse
739 2353 898 2434 Aquinum
923 2353 1136 2427 (Volscorum
1156 2351 1325 2438 oppidum,
1349 2346 1438 2432 qnod

307 2459 380 2524 nutu
395 2463 496 2532 mutu
518 2449 618 2512 Strab.
640 2448 693 2515 lib.
713 2446 751 2510 V.
772 2471 802 2533 p.
827 2453 895 2526 rut.
915 2471 1001 2514 nunc
1031 2464 1134 2518 autam
1155 2452 1280 2534 Aquino
1301 2445 1440 2526 dicitur,

307 2553 340 2616 ct
359 2545 458 2628 patria
479 2561 603 2628 qnoque
623 2545 681 2610 t'uit
701 2543 842 2612 Thomas
864 2545 903 2608 de
923 2547 1064 2629 Aquino,
1098 2545 1230 2616 celebria
1259 2542 1439 2610 Scholasti-

305 2655 414 2704 corcor
434 2639 614 2721 patentis),
649 2639 800 2722 probabili
836 2639 950 2706 iudicio
971 2641 1128 2724 coliigitur
1158 2663 1175 2703 e
1209 2641 1272 2706 Sat.
1291 2637 1439 2720 ttntuq.

306 2733 389 2800 Hinc
408 2733 440 2798 in
462 2734 605 2800 omnibus
625 2733 690 2804 fotu
711 2735 862 2800 luvenalis
882 2737 1063 2814 codicibus,
1084 2745 1116 2802 st
1136 2733 1256 2818 scriptis
1277 2744 1314 2800 st·
1327 2733 1441 2810 oditis,

304 2837 391 2898 rectu
407 2829 651 2912 cognominatur·
665 2830 717 2894 itta
737 2834 906 2916 Aquinus,
930 2833 963 2896 in
985 2833 1142 2902 nonnuliis
1161 2851 1238 2898 atro
1257 2829 1364 2896 vitioso
1377 2829 1441 2888 Ar·

300 2925 405 3007 pinon
426 2923 463 2986 ln
483 2923 631 2988 vetustiss.
652 2923 720 2988 cod.
741 2925 858 2988 Pitheci
881 2929 918 2992 ad
946 2927 1067 2990 initium
1090 2928 1152 2992 Sat.
1183 2927 1209 2988 Ι.
1239 2925 1313 2988 hoco
1344 2923 1438 2986 rerba

304 3015 470 3102 Mantuae
508 3045 524 3076 c
539 3013 716 3104 Iuvenalem
743 3019 835 3104 aliqui
857 3022 982 3088 Gallum
1004 3031 1134 3108 proptor
1154 3021 1294 3105 corporis
1313 3017 1438 3102 magni-

305 3113 464 3193 tutiusu,
488 3112 583 3200 aliqui
604 3115 793 3200 Aquinatem
814 3116 959 3187 dicunt.»

620 3363 623 3370 -
745 3300 946 3384 Irrunnurs
968 3329 1003 3399 7.

598 3461 642 3538 A.
662 3463 709 3538 V.
729 3461 769 3538 C.
797 3463 885 3538 801.
912 3462 1060 3542 Cumsrr
1085 3459 1150 3560 48.

348 3663 539 3745 Messalino,
560 3661 801 3750 impudicissime
821 3661 941 3729 Claudii
961 3665 1039 3754 imp.
1070 3686 1169 3742 uxor,
1199 3657 1298 3750 paiam
1319 3659 1440 3747 nuptias

307 3761 384 3828 iacit
403 3777 474 3826 cum
495 3755 531 3824 C.
553 3755 653 3836 Silio,
677 3763 896 3826 forrnosiasimo
916 3763 1042 3839 iurene,
1061 3773 1093 3830 et
1113 3784 1185 3826 curn
1205 3781 1243 3823 eo
1257 3757 1440 3822 interficitur

308 3855 437 3922 concilio
457 3877 494 3920 ao
515 3855 597 3922 iussu
617 3857 778 3936 Narcissi,
802 3859 946 3932 ,ditissimi
974 3857 1239 3946 potentissimisque
1257 3851 1440 3918 libertorum

308 3952 440 4022 Claudii.
462 3979 490 4022 n
511 3953 549 4021 ud
569 3957 632 4018 Sat.
653 3955 722 4036 VI,
748 3955 916 4022 rus-132.
936 3957 977 4020 Χ.
997 3955 1169 4038 329-345.
1200 3963 1230 4018 et
1260 3951 1350 4032 XIV,
1379 3949 1440 4034 329

308 4071 372 4136 req.
399 4051 521 4116 Praeter
545 4049 722 4116 Narcissum
736 4051 845 4116 Pallas
859 4063 890 4118 et
904 4051 1031 4116 Posides
1046 4049 1148 4115 liberti
1162 4045 1332 4136 plurimum
1346 4047 1441 4130 gratio

309 4141 451 4212 rdebant
469 4141 553 4240 apud
573 4146 719 4220 cundem
740 4144 905 4216 Giundiurn
932 4147 1082 4240 lnpsCi.
1107 4149 1147 4217 ud
1176 4147 1238 4214 Sat.
1262 4145 1292 4232 1,
1324 4163 1390 4230 109.
1410 4149 1443 4212 st

309 4235 399 4330 xlv,
418 4261 476 4334 9¹⁸·
