3120 5494
469 521 472 528 Ι
543 433 695 494 sirint
731 437 758 493 r.

1117 399 1209 529 357

149 633 247 708 Ecce
265 631 376 709 modo
392 634 526 710 heroas
546 659 676 710 sensus
695 631 846 708 adferre
865 633 1031 711 ridemus

96 751 132 822 N
135 751 239 851 agari
258 748 387 825 solitos
404 776 562 852 graece,
582 775 653 825 nec
670 777 815 853 ponere
835 748 966 825 lucum
1181 789 1218 839 70

96 865 288 957 Artifices,
305 891 454 942 necrus
473 882 641 941 saturum
658 865 825 956 laudare,
843 865 912 940 ubi
931 867 1088 956 corbes,

98 984 148 1054 Et
165 979 291 1072 focus,
311 1001 348 1056 et
367 986 496 1086 porci,
516 999 554 1056 et
571 980 715 1056 fumosa
732 980 863 1056 Palilia
880 982 1017 1056 foeno:

97 1095 209 1172 Vnde
228 1099 385 1188 Remus,
406 1095 588 1200 sulcoque
607 1113 734 1172 terens
752 1095 942 1188 dentalia,
962 1099 1117 1192 Quinti,

97 1299 287 1352 cententiarum
298 1307 400 1350 tumore
409 1307 436 1350 et
447 1297 533 1351 verbis
541 1315 633 1350 sonan·
683 1307 800 1350 remotae
818 1317 833 1350 a
849 1296 983 1349 communi
1010 1297 1078 1349 ritae
1102 1315 1161 1350 utu.
1185 1317 1214 1351 v.

98 1381 168 1434 tibur
181 1379 418 1451 distinguebantur.
431 1381 476 1432 dut
487 1379 566 1434 Musa
574 1383 632 1451 poi·
684 1381 800 1450 lnterpp.
811 1381 844 1434 ad
857 1383 960 1435 Patron.
974 1383 993 1434 l.
1005 1383 1061 1434 Hoc
1077 1381 1134 1436 looo
1146 1382 1219 1436 inati-

98 1477 154 1532 tae,
169 1466 270 1518 :Musa
282 1465 420 1519 instinctus
432 1469 507 1536 potita
520 1464 599 1518 canit.
683 1465 750 1519 tutio
771 1465 840 1536 apud
857 1467 1041 1538 grammatico·
1058 1478 1098 1522 eet
1120 1465 1217 1523 intelli·

133 1553 166 1602 69
182 1566 236 1620 aeq.
254 1549 372 1618 ineptum
392 1545 440 1600 boc
458 1546 546 1618 populi
559 1545 630 1603 iudi·
685 1548 779 1621 gendo.
797 1548 911 1620 Quintil.
924 1551 956 1616 ll,
969 1558 993 1602 t.

98 1633 169 1689 cium
181 1635 284 1702 potum
298 1642 417 1686 nostrum
432 1630 464 1684 ad
478 1631 531 1702 ipsa
540 1631 633 1684 carmi·
719 1637 828 1688 69-72.
850 1633 891 1686 Ad
913 1633 1051 1690 traneitum
1071 1633 1220 1690 molliorem

100 1733 165 1768 num
178 1716 241 1770 vitia
255 1714 342 1778 ducit,
355 1733 420 1784 qum
438 1731 484 1784 pro
497 1713 635 1767 virtutibus
684 1715 832 1769 faciendum
845 1715 1002 1788 cogitatione
1019 1714 1123 1787 supple:
1144 1717 1220 1772 illam

99 1795 313 1866 amplexabantur
323 1803 385 1848 tunc
396 1794 518 1866 temporie
529 1795 634 1864 scripto·
684 1809 898 1868 argumentorum
930 1798 1092 1865 vanitatem,
1121 1799 1221 1870 ineptos

98 1899 157 1944 rea,
182 1880 214 1933 ed
232 1881 322 1934 inance
340 1889 455 1932 tumores
475 1898 501 1932 v.
523 1885 633 1934 69-75.

684 1891 800 1934 tumores
816 1899 845 1934 ac
859 1899 939 1934 noun
955 1882 1091 1952 grandium
1103 1883 1219 1936 studium
1296 1929 1297 1938 ,

99 1967 133 2018 ad
154 1963 276 2034 ineptum
300 1963 440 2018 verborum
469 1961 633 2031 antiquorum

100 2049 241 2120 aucupium
264 2067 288 2104 r.
317 2055 425 2104 to-at.
450 2047 483 2100 ad
508 2049 634 2120 frigidum

100 2134 216 2188 studium
231 2137 258 2186 io
269 2134 360 2205 liguria
368 2132 450 2186 doctis
456 2132 550 2202 ubique
562 2133 634 2186 adhi-

101 2218 193 2274 beudie
212 2239 238 2273 v.
253 2223 363 2272 85—9t.
380 2219 413 2271 ad
434 2237 556 2271 versuum
570 2219 631 2272 effe·

102 2303 227 2358 minatam
241 2303 379 2358 mollitiem
393 2323 419 2356 r.
436 2309 563 2356 aa-tuo.
575 2306 633 2354 Tu·

101 2388 186 2441 muria
199 2388 293 2441 vitium
315 2388 468 2442 institutioni
485 2397 510 2438 et
523 2385 635 2455 discipli·

684 1983 763 2036 prope
775 1966 807 2018 ab
831 1966 953 2019 omnibus
969 1965 1099 2032 adamari,
1119 1985 1151 2021 ne
1166 1971 1217 2020 toi·

684 2051 765 2120 reria3
785 2070 841 2103 eece
860 2051 936 2104 modo
961 2061 1009 2104 oet.
1026 2051 1115 2104 beroae
1130 2067 1219 2104 renem

684 2137 846 2207 Argumenta
861 2137 888 2188 io
901 2135 994 2190 atholia
1014 2135 1142 2207 propooita
1157 2155 1218 2191 ver-

684 2219 806 2272 sabantur
820 2217 971 2290 plerumque
990 2221 1018 2272 in
1040 2221 1117 2284 vitia,
1136 2219 1219 2272 mori·

686 2302 734 2354 bur
745 2321 773 2354 ac
787 2301 861 2354 sactis
876 2302 999 2369 heroum,
1015 2315 1041 2357 et
1052 2303 1079 2356 in
1092 2304 1218 2380 quaestio-

686 2385 778 2448 nibus,
790 2401 855 2455 qnae
867 2384 989 2438 advitam
1003 2403 1094 2455 parum
1102 2385 1220 2438 utilitatis

101 2469 633 2540 naescholarumNoeterimputat.Quum,
686 2467 822 2518 habebant.
862 2465 949 2518 beruas
967 2485 1050 2518 romu
1069 2470 1155 2536 (pron
1170 2464 1216 2518 be-

100 2567 131 2612 ot
144 2555 523 2628 eupraadv.²9.monuimur.
536 2552 634 2606 studio·
686 2547 770 2600 micae
800 2549 905 2617 morus)
933 2547 1018 2618 itaque
1049 2548 1219 2618 interpretor:

100 2650 204 2693 tumet
220 2639 354 2693 literarum
371 2638 475 2692 initium
495 2655 510 2690 a
530 2634 635 2690 Graecis
687 2630 795 2684 heroum
825 2630 954 2687 orationes
961 2673 969 2698 ,
999 2649 1063 2701 quae
1099 2631 1219 2684 babuisse

101 2719 199 2790 litarir,
212 2723 240 2775 in
253 2723 345 2794 primis
357 2723 389 2775 ab
404 2721 511 2775 Homeri
524 2720 634 2774 lectione
685 2714 863 2784 tingebantur,
874 2724 1007 2785 tergeatur
1019 2715 1106 2767 etfata
1117 2733 1218 2768 eorum.
1317 2750 1319 2757 ,

101 2817 237 2877 carpentur
264 2811 277 2875 (
297 2809 400 2860 Petron.
425 2813 449 2860 ⁵.
465 2811 494 2876 )‚
518 2804 634 2875 linguam
685 2800 789 2869 adferre
813 2796 933 2850 scribere.
969 2797 1090 2868 Artifices
1114 2817 1219 2867 portare,

102 2892 229 2944 Graeeam
248 2889 401 2961 plerumque
422 2891 531 2944 Romani
547 2889 636 2959 priua,
686 2882 829 2936 Graeciam.
846 2883 958 2954 arufiam
970 2899 1031 2952 pro:
1056 2881 1150 2936 idonei.
1168 2903 1217 2952 po·

102 2991 181 3044 qnam
197 2971 362 3026 vernaculam
374 2972 554 3037 admonebant,
566 2971 635 3041 quod
686 2985 743 3019 uere
754 2966 779 3018 b.
791 2965 808 3018 l.
825 2984 889 3036 pro:
915 2975 1101 3036 argumentum
1115 2965 1219 3035 aliquod

101 3056 279 3124 Quintilianus
291 3056 342 3126 ipae
354 3055 455 3126 probat.
476 3057 539 3109 lnde
551 3055 634 3109 illud:
687 3061 801 3104 tractare.
844 3050 1221 3118 numuuunt‚i.e.ruab9nia

101 3145 193 3210 rmgarr'
208 3140 296 3192 ιοὶἰεω
314 3138 423 3203 Graece,
436 3137 573 3210 intelliges.
591 3142 635 3191 leti
684 3131 892 3184 refertissimum.
907 3133 990 3183 corba
1002 3129 1035 3183 ad
1050 3131 1221 3184 instrumenta

103 3239 181 3289 porro
200 3230 287 3272 tenera
306 3219 391 3272 adhuc
404 3231 484 3272 aetate
505 3231 531 3273 et
546 3237 635 3272 rerum
685 3212 781 3268 raetica
797 3214 916 3282 pertinet.
936 3217 978 3266 72.
996 3213 1104 3283 sonoro
1121 3210 1220 3262 Palilia

2 3357 3 3361 ,
102 3302 237 3374 prudentia
255 3321 307 3356 non
319 3304 379 3356 satir
388 3301 505 3355 instructi
522 3301 555 3356 ed
568 3307 632 3375 po'e'·
678 3295 771 3367 soerro.
789 3295 886 3347 Publia
899 3309 956 3348 eret
972 3295 1065 3347 sertum
1086 3294 1114 3346 in
1133 3292 1220 3346 bono·

101 3385 165 3441 ticet
183 3397 210 3440 et
220 3385 379 3457 eloquentiae
395 3385 510 3438 studium
525 3404 539 3438 a
558 3403 631 3456 prae-
687 3399 742 3434 rem
749 3379 828 3445 Palis,
841 3378 882 3432 rel
895 3379 943 3432 Dei
958 3377 1000 3431 rel
1013 3381 1083 3432 Deae
1096 3395 1219 3449 pecorum

102 3469 262 3540 captoribus,
280 3488 313 3524 ne
333 3468 393 3536 ipsis
419 3467 523 3537 quidem
544 3467 635 3520 intolli-
687 3476 713 3519 et
730 3474 876 3536 partorum,
895 3463 963 3534 quod
983 3461 1159 3516 celebrabatur
1175 3463 1220 3514 Xl.

103 3554 240 3626 gentibue,
254 3571 378 3622 veraeque
395 3563 421 3603 et
439 3552 565 3622 genuinae
579 3551 635 3604 elo·
688 3548 732 3603 cal
745 3547 812 3613 Mat,
830 3566 882 3616 qno
901 3546 942 3600 die
960 3549 1070 3600 Romam
1087 3545 1219 3598 conditam

102 3638 222 3708 quentiae
249 3637 360 3709 ignaris,
389 3653 509 3706 perversa
537 3635 638 3688 ratione
688 3651 745 3687 eree
757 3631 872 3686 tradunt.
890 3632 919 3682 ln
931 3631 1106 3699 botseatoper
1116 3647 1221 3682 acervos

102 3723 305 3777 adducebantur.
335 3709 469 3776 Rationem
486 3719 639 3774 instituendi
688 3715 838 3786 atipubrum
852 3713 976 3767 adceuaoa
992 3712 1173 3768 treuaailiendo
1192 3731 1219 3765 ee

102 3825 196 3876 puero·
221 3805 343 3858 dircimru
368 3821 400 3856 ex
428 3803 545 3856 luvenal.
579 3805 636 3865 vu,
688 3799 830 3854 lustrabant
842 3795 976 3852 ruricolae.

105 3895 154 3943 450
167 3908 221 3959 req.
239 3889 310 3942 uude
324 3889 421 3958 liquere
441 3885 558 3951 videtur,
576 3905 635 3938 ma·
723 3891 765 3938 73.
780 3883 859 3937 Vnde
878 3881 969 3933 Remus
981 3897 1019 3939 ec.
1033 3875 1160 3932 oriundus
1173 3885 1219 3927 eet.

103 3975 198 4044 gistroa
208 3971 409 4026 declamationes
419 3970 562 4034 dictitaret,
574 3988 636 4040 quaa
687 3970 760 4021 rtem
773 3967 895 4036 frequent
906 3975 944 4018 est
957 3966 1055 4018 mentio
1069 3963 1138 4034 apud
1153 3965 1216 4030 po'r‘·

101 4055 156 4119 illi,
178 4056 320 4110 memoriae
336 4054 454 4120 traditae,
471 4053 502 4106 ad
525 4051 631 4106 faculta-
687 4064 740 4116 tae,
759 4051 855 4108 lamam
869 4059 913 4103 aut
926 4046 1101 4100 narrationem
1114 4046 1220 4097 sortasse

103 4141 413 4212 temdequacumquere
432 4140 509 4192 verba
526 4139 636 4192 faciendi
686 4147 799 4200 secutos,
817 4152 882 4204 quae
895 4133 927 4186 ad
943 4151 989 4185 nos
1002 4130 1097 4202 perlata
1107 4149 1160 4183 non
1173 4139 1220 4182 eet.
1254 4155 1257 4162 ¹

102 4225 153 4278 eibi
169 4226 324 4296 parandam,
335 4244 422 4278 coram
436 4225 495 4294 ipsit
508 4224 632 4276 memori·
685 4223 797 4292 arduoque
812 4232 892 4271 terent
908 4216 1033 4278 derttalr'a,
1052 4223 1141 4268 ornate
1158 4229 1218 4283 pro:

102 4320 144 4361 ter
166 4311 309 4364 recitarent.
348 4313 469 4363 Ceterum
495 4327 581 4362 causae
607 4309 634 4360 in
686 4325 769 4358 arana.
790 4301 884 4373 virgil.
904 4303 1000 4371 Georg.
1019 4303 1040 4364 l,
1067 4304 1109 4350 46.
1131 4297 1218 4366 Quinti

103 4392 197 4448 scholi·
214 4395 357 4466 proponitur
379 4405 405 4448 et
424 4397 496 4448 lictae
521 4402 593 4446 erant
610 4402 635 4444 et
685 4408 720 4442 sc.
738 4399 764 4441 et
786 4397 829 4454 tu,
849 4390 958 4446 Romam
978 4380 1111 4439 erceteitua
1135 4397 1163 4432 ee
1182 4378 1217 4431 ad
