3028 5492
384 397 618 468 ronrrnvu
648 395 927 466 orvansonvu
1097 353 1224 468 lxvii

94 605 201 692 inqua
232 613 397 689 vomatur,
432 608 646 695 suppeditata,
663 621 695 673 et
714 607 902 672 dissimulato
922 603 1046 670 ridendi
1066 606 1222 692 castigan-

3 732 10 758 ›
93 707 177 789 dique
199 705 378 782 voluntate,
399 706 533 792 obliquis
552 707 742 770 orationibus
763 715 794 768 ct
813 705 896 770 uelut
915 705 1006 786 louge
1025 703 1106 766 aliud
1120 726 1223 787 agens,

98 821 205 864 emeres
225 821 266 862 ac
290 801 362 865 vitia
383 804 501 886 carpit,
524 824 573 864 res
593 805 690 866 varies
709 813 740 864 et
759 812 868 886 sponte
888 801 1130 862 subministratae
1145 823 1222 884 per-

102 898 245 980 sequitur,
279 897 407 960 missilia
440 899 597 981 iuopinato
628 899 761 982 spargit,
796 897 1005 979 imprudentes
1026 896 1223 960 adoriturex

101 993 227 1066 insidiis,
248 994 372 1056 subitos
393 995 594 1080 obliquosque
615 995 667 1058 det
687 995 787 1070 ictus,
807 1016 933 1056 amoena
947 994 1013 1056 loca
1027 993 1222 1076 negligenter

100 1113 131 1152 sc
145 1089 236 1150 tuero
260 1109 360 1152 cursu
383 1101 585 1174 pervagatur,
606 1113 693 1174 saepe
710 1091 749 1152 de
772 1089 819 1152 ria
840 1089 992 1164 declinat,
1016 1109 1108 1172 quum
1129 1087 1221 1152 modo

99 1187 211 1259 inierat,
232 1195 268 1248 et
292 1185 343 1248 rel
363 1197 482 1268 certum
503 1189 596 1249 finem
618 1186 844 1269 consiliumque
871 1185 955 1247 lrautl
976 1185 1060 1271 sequi
1083 1183 1220 1260 videtur,

100 1280 137 1345 rel
152 1280 189 1341 ad
213 1291 363 1358 metam,
383 1283 408 1344 si
430 1305 489 1366 qua
509 1284 536 1344 ei
558 1293 620 1358 est,
644 1283 743 1364 longis
764 1281 938 1364 ambagibus
965 1281 1152 1364 flexibusque
1172 1280 1223 1342 di-

97 1377 173 1438 rersis
204 1377 298 1466 lente
333 1379 516 1456 contendit,
543 1383 584 1442 ita
613 1389 646 1442 ut
669 1379 820 1463 plurimae
841 1380 904 1440 eius
926 1379 1035 1440 satirae
1056 1378 1221 1459 imaginem

1 1548 5 1566 Ι
94 1473 253 1536 exhibeant
276 1475 517 1550 ambulationis,
539 1477 570 1538 iu
591 1498 652 1560 qua
674 1475 905 1560 quaelibetloca
920 1475 1004 1536 devia
1025 1488 1057 1550 ὡς
1070 1489 1096 1542 ἐν
1113 1487 1220 1564 παρόδῳ

93 1573 181 1634 aculis
203 1573 438 1656 perlustrantur
458 1583 489 1636 at
509 1575 607 1635 omnis
629 1575 676 1636 rin
696 1583 742 1635 est
762 1583 856 1636 recta·
877 1575 997 1638 Persius
1018 1587 1050 1638 et
1070 1576 1222 1638 Iuvenalis

94 1691 317 1754 nonuunquam
354 1669 479 1754 quidem
508 1671 670 1732 Horatium
696 1671 786 1732 etiam
817 1671 924 1732 bacin
947 1692 980 1733 re
1002 1671 1221 1748 imitatisuut,

97 1766 142 1829 sed
159 1766 351 1851 plerumque
372 1787 457 1828 more
477 1765 730 1850 pbilosophorum
753 1767 975 1850 rlictorumque
995 1789 1088 1828 unam
1102 1777 1221 1830 tautum

99 1863 189 1923 tbesiu
221 1863 404 1946 explicant,
431 1873 462 1924 et
489 1873 574 1926 recto
601 1862 712 1925 itinere
732 1862 870 1944 dirigunt
890 1883 1036 1938 cursum,
1059 1885 1121 1946 qno
1141 1885 1222 1925 con-

12 1957 13 1976 *
102 1957 238 2033 audant,
271 1979 347 2019 raro
378 1979 394 2018 a
424 1959 471 2022 via
502 1960 699 2020 aberrantes:
723 1958 906 2040 negligentis
927 1959 1009 2022 enine
1030 1959 1220 2034 Horatiana,

103 2055 222 2138 quaein
245 2054 350 2117 iocoso
370 2053 492 2117 dicendi
513 2075 626 2136 genere
646 2054 775 2116 mirifice
795 2077 852 2116 uos
872 2053 1022 2130 delectat,
1041 2077 1058 2115 a
1079 2055 1221 2138 graviore

105 2173 133 2214 sc
149 2138 276 2212 sublir'ui
297 2151 435 2213 oratioue
454 2151 551 2213 aliena
573 2161 627 2213 cst.
662 2151 746 2214 lllius
767 2150 876 2212 satirae
897 2161 968 2212 suut
988 2152 1124 2233 po'e‘ticne
1144 2174 1222 2236 pcr-

103 2248 289 2310 securiores
322 2245 538 2331 propositionis
579 2247 821 2332 philosophicae,
855 2247 944 2308 huius
975 2269 1048 2310 vcro
1080 2249 1220 2311 thematis

102 2343 255 2414 rhetorici3
287 2342 396 2404 doctae
426 2342 551 2424 quidem
573 2353 604 2405 et
624 2342 780 2404 interdum
800 2341 999 2425 ingeniosae,
1019 2363 1097 2426 quae
1117 2353 1241 2404 temen.

105 2438 197 2520 magis
224 2458 251 2499 se
279 2438 603 2512 commendantem,
629 2459 691 2520 que
712 2437 830 2519 singula
850 2446 1101 2518 pertractentur,
1127 2458 1220 2520 quam

3 2524 4 2592 J
104 2535 217 2616 poetica
244 2534 441 2609 inventione,
469 2555 530 2618 qua
550 2555 675 2617 prorsus
695 2544 800 2595 carent
834 2533 920 2607 illae,
948 2533 981 2592 in
1003 2533 1114 2615 quibus
1134 2533 1217 2593 varia

3 2643 4 2681 1
103 2639 213 2691 tautum
243 2631 333 2692 unius
360 2629 520 2691 bominum
548 2630 668 2712 generis
689 2630 762 2693 vitia
782 2637 999 2706 recensentur,
1020 2651 1047 2692 r.
1069 2627 1221 2690 emulis·

96 2745 163 2786 rum
184 2725 215 2785 in
239 2735 322 2788 sexta
343 2727 434 2787 satira
456 2723 617 2788 luvenalis.

132 2822 169 2883 lu
194 2821 420 2884 sententiarum
452 2843 533 2884 nexu
563 2841 729 2904 rerumque
749 2818 859 2884 ordine
880 2830 911 2882 et
931 2817 1133 2882 collocatione
1152 2820 1221 2881 llo-

94 2919 186 2982 ratius
207 2939 273 2980 uon
297 2919 390 2982 modo
410 2917 647 3000 negligentiam,
673 2937 802 3000 eumque
824 2917 1046 2998 gratissimam,
1068 2917 1221 2990 ostendit,

93 3012 142 3074 sed
170 3033 326 3074 summam
358 3033 481 3096 quoque
512 3023 636 3089 artem,
667 3032 758 3095 quum
789 3021 892 3072 tamen
915 3009 1020 3071 sedulo
1041 3009 1221 3072 dissimulat.

94 3109 170 3168 'I'em
189 3106 326 3168 naturali
346 3108 429 3168 enim
451 3116 595 3189 arctoque
616 3105 741 3168 uinculo
762 3107 863 3167 omnia
885 3105 1068 3180 constricta,
1088 3113 1149 3162 tam
1166 3102 1221 3161 mi-

1 3214 2 3217 ’
91 3201 176 3262 rilice
212 3200 271 3262 alie
304 3221 342 3262 ex
373 3199 438 3262 aliis
467 3211 536 3285 apta
566 3211 598 3262 et
629 3222 707 3262 nexa
739 3211 832 3275 sunt,
854 3210 936 3262 tanta
959 3198 1103 3260 facilitate
1121 3195 1221 3258 oratio

92 3298 190 3362 currit
223 3320 259 3360 ac
291 3297 379 3372 fluit,
410 3307 472 3358 tum
503 3298 577 3359 scite
598 3307 734 3359 extrema
756 3317 826 3358 cum
847 3296 957 3379 primis
977 3305 1008 3356 et
1028 3305 1130 3378 partes
1150 3315 1221 3356 curu

1 3397 2 3411 ¹
93 3406 154 3456 toto
176 3395 370 3469 cohaerent,
396 3405 429 3456 ut
450 3394 516 3455 sine
537 3393 648 3478 insigni
670 3395 763 3456 totius
783 3393 901 3454 ordinis
922 3392 1150 3475 perturbatione
1171 3393 1222 3454 vit

90 3491 262 3575 quidquam
290 3489 338 3553 sel
366 3485 524 3572 transponi
559 3489 654 3572 possit
685 3488 733 3550 rel
762 3489 883 3562 omitti,
915 3499 1010 3570 utque
1031 3485 1141 3548 dubius
1160 3487 1221 3563 sis,

91 3597 197 3647 utrum
229 3584 349 3668 singula
380 3605 451 3646 casu
472 3604 508 3646 nc
530 3593 637 3665 sponte
657 3578 717 3643 siut
739 3581 860 3656 oblata,
883 3581 934 3644 vel
955 3591 1024 3642 nata
1045 3589 1171 3662 repente
1190 3589 1223 3642 ct

91 3683 157 3746 siue
187 3682 292 3746 studio
320 3703 355 3744 ac
383 3703 455 3744 cura
484 3683 562 3742 ceris
584 3679 741 3754 mandata,
765 3701 803 3738 au
824 3677 988 3760 diligenter
1008 3687 1076 3738 autc
1097 3697 1223 3738 excussa

13 3809 14 3827 i
91 3789 122 3842 et
150 3780 291 3862 quaesita
321 3778 371 3842 vel
399 3777 628 3862 praemeditata.
656 3774 752 3837 Persii
783 3783 890 3836 contra
911 3773 1009 3836 oratio
1029 3772 1140 3855 passim
1161 3793 1244 3844 umx
1325 3847 1332 3862 ·

12 3872 14 3885 ¹
91 3877 225 3960 abrupto
245 3875 367 3937 dicendi
388 3885 519 3958 genere,
541 3871 704 3934 audacibus
724 3881 755 3932 et
775 3869 904 3932 insolitis
926 3869 1155 3932 transitionibus
1170 3868 1223 3928 in-

90 3973 348 4056 versiouibusque
383 3971 469 4034 duris
500 3969 626 4032 offendit
645 3977 676 4030 et
694 3988 783 4050 saepe
809 3967 847 4028 ad
867 3967 964 4028 aliena
983 3965 1142 4028 delabitur.
1164 3965 1223 4025 lu-

93 4071 212 4135 venalis
232 4067 368 4152 singulas
388 4067 512 4150 quidem
542 4075 642 4150 partes
662 4065 757 4148 magis
778 4063 995 4125 declamatorio
1016 4081 1101 4123 ruore
1121 4081 1155 4121 ac
1177 4081 1225 4121 or·

9 4174 10 4182 ’
91 4167 187 4239 dine,
211 4173 354 4226 accurate
373 4183 604 4244 nonnumquam
626 4169 678 4234 (r.
693 4180 721 4220 c.
738 4159 768 4218 iu
785 4158 850 4221 Sat.
865 4155 931 4231 X.)
948 4158 1032 4239 prius
1046 4155 1224 4237 designato,
1282 4237 1285 4242 Ι

92 4261 252 4346 copularit
271 4272 303 4324 et
324 4259 394 4322 olias
416 4258 480 4320 aliis
500 4255 676 4330 subiunxit,
699 4275 790 4338 quam
813 4274 893 4316 nexu
915 4252 1076 4313 artificioso
1098 4251 1220 4314 interse

47 4427 52 4436 ,
92 4356 267 4442 implicuit,
289 4355 344 4418 ssd
366 4353 485 4421 easdem
505 4373 622 4428 summa
642 4371 713 4434 curu
734 4360 797 4428 arte
817 4348 947 4421 velutin
963 4347 1064 4418 tabula
1079 4346 1224 4436 depinxit

3 4516 5 4544 ,
93 4465 124 4522 st
143 4453 319 4550 exornavit,
