3046 5498
389 457 671 526 noutuonvu
706 461 856 528 roccis
1156 425 1192 533 li

61 660 128 726 llic.
145 660 181 723 Τ.
203 659 272 726 111.
293 681 327 747 p.
346 661 388 728 83
410 683 475 750 seq.
504 666 571 752 Ipsa
593 666 713 752 poelrls
740 667 877 752 impense
895 667 1042 733 laudatur
1061 687 1078 732 a
1098 667 1192 737 Mar-

69 757 188 833 tialell,
211 760 272 823 35.
305 769 336 824 el
366 761 417 824 38.
442 773 473 824 et
501 763 638 846 Scaliger
658 764 691 826 in
712 763 929 854 Hypercritico
949 775 1077 842 mouet,
1097 769 1132 830 irs
1152 789 1191 831 ea

74 857 179 918 multum
196 853 403 919 dexteritatis
421 858 467 920 ad
480 861 636 922 satiricam
657 863 891 924 amarulentiam
912 861 1103 946 adspirantis
1116 886 1189 940 esse,

75 976 192 1016 munaus
218 975 318 1032 vero,
352 968 384 1016 ut
412 957 447 1018 in
477 979 511 1017 eo
529 979 637 1038 genere
659 963 832 1040 poematis,
859 981 921 1021 noa
942 963 1188 1028 contemnendos.

6 1055 7 1062 ’
75 1052 169 1112 Contu
186 1033 390 1113 Qaubouus
412 1051 451 1112 de
471 1053 531 1114 Sat.
552 1055 641 1116 Rom.
662 1075 692 1136 p.
715 1055 784 1119 aaa.
805 1057 878 1116 Non
902 1061 1048 1120 erraverit
1069 1061 1189 1124 iudicio

77 1172 148 1220 meo,
165 1149 292 1232 iuquit,
314 1153 369 1232 qui
388 1136 524 1211 Satiram
545 1151 581 1211 id
599 1159 712 1233 poima
737 1155 956 1214 nominaverit:
987 1155 1191 1220 eruditionem

77 1261 155 1307 tamer
179 1257 209 1304 et
237 1245 431 1326 probitatem
461 1245 669 1308 nobilissimae
690 1249 833 1331 feminae
858 1271 901 1310 ex
922 1251 1061 1311 carmine
1086 1255 1192 1334 potiar

76 1341 175 1413 leude,
195 1360 301 1422 quam
323 1345 530 1404 acrimoniam
544 1355 572 1404 et
593 1343 637 1404 ael
657 1345 796 1405 satiricos
811 1365 929 1406 morsus
947 1339 1076 1416 ἐὐφυΐαις
1093 1349 1192 1412 larer-

73 1439 182 1498 u'seaim
205 1451 298 1500 caret
313 1443 414 1501 oratio
429 1454 457 1502 et
476 1439 639 1510 ἀγωνιστικῷ
659 1442 779 1523 spiritu.
799 1441 891 1503 Coni.
912 1443 1103 1508 Werusdori
1120 1445 1141 1509 l.
1165 1445 1192 1510 l.

68 1533 161 1617 plx
183 1538 418 1615 sem-Tucca
438 1535 562 1618 ineptus
588 1534 646 1596 luit
676 1534 912 1620 Satirogmplrus
936 1550 968 1602 et
993 1539 1150 1602 deridetur
1170 1561 1190 1601 a

62 1628 193 1692 Martiale
214 1631 307 1708 ΧΠ,
328 1631 381 1712 95.
400 1631 439 1692 al.
454 1635 504 1712 94.
524 1639 554 1692 et
574 1630 613 1691 nl.
634 1631 684 1714 96.
705 1633 823 1694 ecuius
838 1635 934 1717 epigr.
950 1657 1040 1698 versu
1056 1659 1084 1720 7.
1101 1635 1190 1720 (Art-

6 1723 8 1810 ξ
59 1723 151 1786 massis
168 1726 320 1788 Satiras:
343 1728 484 1788 Lucilius
496 1749 559 1787 esse
578 1725 718 1812 laboras)
742 1725 938 1792 casaubonus
949 1739 982 1792 et
1000 1731 1194 1795 Werusdori'

6 1815 8 1826 ⁴
58 1818 258 1900 colligebant,
282 1820 477 1894 Martialem,
510 1819 536 1882 si
556 1841 626 1881 eum
647 1823 728 1882 serio
748 1823 922 1906 scripserit,
946 1823 1046 1908 ipsum
1067 1847 1191 1908 quoqne

6 1955 7 1958 =
58 1915 248 1978 satiricorum
273 1924 438 2000 poetarum
471 1915 568 1978 choro
589 1916 785 1978 inserendum
806 1939 879 1980 esse.
912 1919 974 1998 Qui
995 1928 1093 1982 totum
1116 1941 1194 1982 vero

6 2095 7 2098 Ἴ
57 2011 222 2096 perlegerit
244 2015 453 2096 epigramma,
472 2033 535 2073 nou
556 2013 596 2074 ita
618 2002 774 2077 iudicabit.
785 2042 820 2056 ·-
834 2016 940 2079 Manlii
962 2015 1086 2101 Vopisci
1106 2017 1191 2102 inge·

56 2107 134 2166 sium
157 2117 191 2168 et
216 2107 256 2169 ad
279 2107 338 2168 alia
358 2108 511 2182 carmine,
537 2115 568 2168 et
590 2105 629 2167 ad
651 2109 766 2169 Saitirss
796 2109 974 2171 scribendas
999 2109 1190 2193 aptissimum

54 2203 164 2266 surius
184 2205 321 2266 summis
340 2203 478 2265 laudibus
498 2203 631 2265 celebrat
652 2203 683 2264 in
707 2205 793 2288 Sylv.
815 2205 849 2280 I,
871 2189 909 2281 b,
936 2229 986 2269 ιοι
1011 2227 1075 2291 seq.
1088 2205 1189 2269 idem-

7 2315 8 2366 ]
51 2321 105 2381 que
132 2300 168 2360 in
191 2299 333 2384 Epistola
354 2297 393 2359 ad
414 2296 554 2374 Stellam,
577 2297 678 2382 Sylris
697 2301 851 2383 praefixa,
871 2301 1039 2384 Vopiscum
1059 2302 1191 2386 appellat

6 2417 8 2468 3
51 2396 156 2458 vuum
181 2396 447 2473 eruditissimum,
469 2397 523 2480 qui
538 2397 702 2478 praecipue
725 2395 857 2458 vindicet
875 2417 898 2458 ιι
917 2398 976 2458 situ
997 2397 1190 2461 literarium

6 2475 8 2506 i
50 2494 329 2578 paenesugisntes.

86 2587 233 2650 saris-isis
253 2589 370 2650 horum
390 2597 564 2672 temporum
583 2586 682 2669 poetis
703 2585 947 2651 adnumerentur
967 2587 1058 2650 etiam
1089 2588 1190 2653 iulias

51 2684 170 2763 llufiss,
207 2685 381 2762 Cornutus,
406 2685 518 2747 Gavius
544 2685 661 2744 Bassus
681 2691 713 2744 et
734 2683 880 2746 Rabirius
906 2705 931 2746 s.
963 2685 1116 2746 Rubrius:
1135 2683 1191 2748 sed

53 2779 150 2841 dulus
176 2779 283 2841 nullas
314 2781 396 2842 forte
426 2779 612 2853 Satirumt
632 2775 743 2860 reliqui
773 2779 866 2855 alias,
884 2801 975 2864 quam
995 2779 1192 2855 Lucilianus,

52 2875 212 2958 scripsere.
227 2876 302 2936 lulii
334 2873 405 2936 llull
433 2873 620 2936 mentionem
652 2873 727 2935 facit
746 2875 896 2936 Martialis
917 2877 950 2936 in
970 2873 1125 2948 disticho,
1145 2875 1192 2937 fi·

53 2994 144 3054 garae
158 2974 304 3036 Socratis
315 2972 498 3058 subscripto,
507 2969 560 3032 lils.
573 2970 613 3034 Χ.
622 2970 718 3054 epigr.
730 2989 781 3054 99.
801 2973 836 3033 Si
848 2973 991 3034 Romana
1004 2973 1107 3045 forent
1115 2974 1192 3034 baec

51 3071 185 3132 Socrmis
214 3093 298 3145 ora,
323 3072 476 3156 fuissent,
508 3069 617 3135 tatius
639 3071 672 3130 in
704 3069 824 3154 Satyris
844 3070 952 3151 qualia
972 3070 1073 3149 Rstsm
1092 3069 1193 3130 babet.

49 3168 252 3230 fflnbonus
274 3167 314 3230 de
335 3167 397 3229 Sul·
417 3167 506 3230 Rom·
518 3191 549 3252 p.
570 3181 643 3240 231.
663 3169 835 3242 existimat,
856 3165 903 3226 lris
924 3165 1025 3226 uerbis
1055 3165 1194 3246 grauita-

50 3273 107 3326 tem
131 3265 210 3327 Rufi
232 3265 267 3324 iu
289 3263 397 3325 Satiris
428 3263 570 3343 laudari,
606 3266 739 3329 Creuius
760 3272 857 3324 autem
881 3259 1009 3322 ibidis
1037 3261 1139 3322 adnot.
1160 3271 1194 3322 et.

50 3361 191 3423 liederus
224 3361 265 3421 ad
300 3359 431 3422 Martial.
458 3360 479 3421 l.
511 3361 531 3422 l.
561 3351 778 3446 suspicaulur,
807 3359 890 3420 huuc
911 3355 1013 3418 uirum
1036 3355 1193 3420 illustrem

57 3457 154 3519 fuisse
184 3466 222 3518 et
244 3455 393 3529 doctum,
416 3456 452 3518 ad
474 3479 564 3541 quem
587 3459 705 3522 Plinius
724 3458 820 3538 Epist.
839 3456 888 3529 V,
913 3475 962 3544 ιι.
983 3463 1014 3514 et
1033 3453 1191 3527 vtt,·25.

50 3552 231 3634 scripserit.
259 3551 322 3612 Sed
351 3551 543 3614 Werasdord
572 3553 593 3614 l.
616 3553 636 3616 l.
657 3577 686 3636 p.
707 3553 809 3615 XVll.
830 3551 889 3611 iam
910 3549 990 3610 bene
1011 3557 1119 3610 contra
1140 3569 1193 3610 eos

50 3647 89 3706 ita
120 3644 319 3727 disputarit:
356 3673 371 3701 a
391 3647 438 3707 Vt
458 3645 517 3708 hoc
537 3646 681 3709 affirmari
701 3647 753 3709 vix
773 3653 838 3708 tuto
859 3643 950 3719 licet,
969 3663 1066 3723 quum
1087 3641 1193 3724 plures

50 3743 150 3805 Rufos
173 3743 208 3803 in
233 3740 369 3824 epistolis
398 3752 549 3805 memoret
568 3739 707 3820 Plinius,
727 3745 767 3805 ita
788 3753 818 3804 et
838 3741 913 3802 illud
935 3737 1021 3802 valde
1042 3737 1194 3813 dubium,

51 3858 88 3896 au
104 3835 279 3898 Satiricnm
298 3835 373 3897 'Rufi
394 3828 502 3918 prisia
522 3837 675 3901 Martialis
694 3837 817 3900 laudare
839 3835 979 3900 voluerit.
1001 3835 1194 3920 Numquam

56 3931 92 3991 dc
114 3931 258 4011 imagine
282 3929 422 3994 Socratis
445 3953 547 3993 sermo
567 3933 626 4009 sit,
647 3953 738 4017 quem
758 3931 836 3994 simo
856 3929 941 3993 vultu
962 3939 992 3991 et
1013 3926 1126 3990 Sileuis
1147 3924 1196 3986 si-

6 4089 7 4092 ,
56 4028 121 4088 uili
146 4029 247 4090 luisse
267 4025 407 4110 gemmati
434 4029 575 4114 autiquae
596 4029 722 4106 docent,
742 4038 842 4113 potest
861 4026 935 4087 haec
955 4045 1020 4088 esse
1040 4021 1190 4085 sententia

56 4123 231 4195 Martialis,
256 4133 291 4185 ut
309 4123 413 4198 dicat,
432 4123 551 4186 vultum
576 4125 768 4189 Socraticum
789 4123 859 4186 anfi
873 4119 957 4205 quasi
971 4120 1052 4181 inter
1066 4117 1194 4203 Satyros

59 4221 169 4294 luisse,
193 4229 251 4281 aut
270 4241 342 4281 enm
363 4219 517 4281 irrisuma
532 4221 668 4285 Satiricis
683 4221 804 4304 politis.»
818 4253 856 4269 --
867 4223 1010 4281 Annaeus
1025 4215 1191 4288 Cornutus,

63 4314 270 4398 philosophus
299 4315 439 4390 Stoicus,
470 4316 605 4399 tragicus
625 4323 713 4400 poeta
734 4325 789 4392 (r.
808 4316 933 4377 Sueten.
953 4313 1006 4377 rit.
1026 4308 1144 4383 Persii)
1165 4319 1196 4372 et

6 4443 8 4524 p
63 4421 249 4495 praeceptor
284 4409 384 4472 Persii
419 4413 528 4486 (cuius
558 4411 658 4476 Satira
690 4415 722 4476 V
757 4411 784 4476 ei
816 4411 962 4495 iuscripta
993 4415 1080 4483 est),
1098 4403 1196 4468 multa

7 4535 8 4538 ¹
64 4507 184 4592 capsis
213 4505 428 4594 philosophica
453 4517 484 4575 et
509 4507 664 4591 rhetorica
693 4507 866 4586 (ullusab.
895 4505 930 4578 iu
962 4500 1080 4584 Cluen.
1108 4497 1147 4566 ad
1166 4518 1195 4568 a·
