3046 5498
643 803 707 860 nn,

391 986 581 1084 stultu
610 985 941 1090 ROMANORVM

99 1501 258 1618 Arsarata
279 1553 381 1620 bnins
391 1554 561 1641 argumenti
580 1563 610 1618 et
620 1555 739 1640 copiosa
749 1555 943 1640 pertractatio
954 1553 1054 1618 aliena
1064 1564 1138 1619 esta
1151 1575 1229 1620 con·

98 1651 159 1715 silio
177 1663 318 1728 nostro,
337 1673 440 1737 neque
460 1653 563 1736 paucis
583 1651 701 1714 absolvi
722 1660 821 1734 potest
844 1651 944 1714 verbis
963 1672 999 1713 ac
1009 1651 1139 1736 paginis.
1163 1649 1229 1732 Qui
1302 1721 1309 1736 Ι

96 1764 154 1805 eam
169 1745 377 1821 desiderant,
398 1747 434 1808 iis
453 1745 630 1810 consulendi
652 1754 725 1808 sunt
744 1747 883 1808 virorum
902 1745 1064 1809 doctorum
1083 1745 1155 1809 libri
1169 1787 1179 1822 ,
1193 1746 1228 1806 in

95 1841 202 1922 quibus
223 1843 358 1918 omnia,
381 1863 460 1924 qnae
480 1842 540 1906 huc
561 1851 715 1925 spectant,
746 1843 846 1926 quoad
866 1863 922 1932 per
956 1863 1096 1926 magnam
1118 1861 1227 1928 rerum

95 1937 317 2000 obcuritatem
337 1949 538 2024 veterumque
557 1937 802 2000 testimoniorum
822 1940 1001 2021 paucitatem
1022 1937 1090 2001 lieri
1109 1937 1229 2021 potuit,

94 2041 150 2096 tana
170 2034 345 2118 diligenter
365 2055 488 2098 excussa
510 2043 580 2098 suut
592 2043 623 2097 et
641 2034 813 2112 subtiliter,
834 2045 869 2095 nt
889 2035 974 2097 noris
987 2033 1039 2098 rix
1052 2034 1135 2096 curia
1149 2053 1230 2096 con·

4 2131 5 2136 ’
96 2127 282 2215 ioeturisqne
302 2129 444 2194 locossit
464 2129 593 2195 relictus.
626 2129 773 2216 liquidem
804 2131 904 2193 officio
933 2151 1003 2193 meo
1032 2129 1230 2192 satisfecisse

97 2227 171 2288 milri
189 2227 326 2304 uideor,
345 2227 393 2304 si,
411 2248 488 2311 qnae
507 2226 558 2288 alii
578 2237 642 2288 tom
664 2235 746 2290 recte
766 2235 832 2288 tum
852 2227 973 2310 copiosa
993 2232 1228 2310 praeceperunt,

2 2335 3 2342 ¹
102 2317 135 2378 in
152 2320 307 2402 epitomen
328 2321 479 2404 redegero
499 2331 529 2383 et
547 2319 645 2406 ¹capita
664 2319 803 2402 adtigero
828 2320 938 2382 harum
958 2341 1084 2395 rerum,
1098 2337 1230 2402 quarum

106 2435 192 2478 aeras
208 2418 348 2479 munnae
369 2417 521 2479 mentibus
541 2416 716 2480 informatas
740 2415 852 2478 trabere
873 2415 1002 2479 multum
1027 2416 1153 2478 intereat
1173 2413 1230 2474 iu·

1 2529 2 2538 ¹
106 2513 253 2586 vertutis,
266 2515 322 2574 cni
343 2514 532 2596 potissimum
554 2533 646 2597 opera
667 2533 733 2574 meu
753 2511 913 2576 consulere
933 2511 1026 2576 volui.
1161 2553 1166 2564 .

140 2606 272 2668 llirlenali
290 2617 324 2670 et
344 2609 507 2672 cavillandi
528 2630 594 2672 mos
614 2609 785 2672 communis
817 2616 863 2670 est
891 2605 1085 2678 bominibus,
1117 2603 1231 2689 quippo

43 2721 48 2733 ·
96 2703 234 2784 qui'ipsa
256 2715 370 2767 natura
391 2713 423 2766 et
442 2705 593 2768 hilaritate
614 2705 652 2766 sd
672 2725 744 2768 eum
757 2703 936 2766 invitantur.
956 2701 1039 2764 Hinc
1053 2699 1135 2762 idam
1149 2720 1232 2784 quo-

94 2816 155 2877 qne
173 2797 316 2860 obtinuit
336 2800 369 2859 in
390 2799 497 2882 primis
517 2821 626 2863 eorum
640 2797 860 2876 conventibus,
873 2797 905 2858 in
919 2794 1087 2858 laetissimis
1101 2793 1231 2856 iisdem-

94 2912 152 2974 qno
171 2894 388 2956 uetustissimis
406 2896 507 2974 festis,
527 2917 604 2980 quaa
623 2904 693 2978 post
713 2895 840 2957 messem
860 2902 892 2956 et
906 2890 1110 2966 vindemiam,
1133 2887 1233 2952 rusti·-

97 2989 137 3048 cis
154 2987 322 3052 laboribus
342 2991 488 3055 vertentis
508 2992 581 3054 anni
600 2991 733 3066 exactis,
757 2989 790 3052 in
810 2989 960 3052 honorem
980 2987 1108 3049 deorum
1129 3005 1230 3048 rura·

97 3081 194 3160 lium,
214 3085 341 3149 Cereris
361 3088 549 3170 potissimum
571 3096 602 3150 et
627 3085 759 3158 Bacchi,
789 3085 967 3168 agebantur.
998 3082 1035 3143 ln
1058 3079 1103 3150 ,iis
1133 3078 1232 3163 pubes

94 3180 231 3258 rustica,
252 3181 338 3244 curis
357 3203 450 3246 vacua
471 3192 503 3246 et
522 3181 613 3264 genio
633 3181 813 3264 indulgens,
841 3201 905 3242 non
926 3175 1021 3242 modo
1040 3175 1099 3238 diis
1119 3174 1232 3256 guttas

94 3295 185 3356 agere
205 3287 239 3340 et
259 3279 411 3362 primitias
430 3279 557 3354 offerre,
579 3279 632 3342 sad
652 3279 761 3341 rudem
782 3298 906 3362 quoque
926 3285 1047 3338 etcum
1069 3269 1233 3356 gesticula-

94 3373 180 3432 tione
202 3376 408 3438 coniuuctum
430 3377 521 3438 edere
540 3374 655 3436 solebat
676 3384 809 3436 cantum.
838 3375 868 3434 ls
889 3373 1026 3456 primum
1056 3369 1095 3429 ad
1126 3365 1232 3429 laudes

92 3465 227 3530 deorum
249 3471 442 3554 beronmqne
462 3471 629 3554 spectabat,
652 3468 781 3544 deindo,
802 3469 884 3531 inter
901 3477 934 3529 et
955 3476 1022 3550 post
1043 3460 1167 3546 epulas,
1193 3459 1232 3522 ad

91 3561 228 3624 dicteria
249 3563 433 3627 deflectebat
452 3566 527 3627 salsa
548 3563 743 3647 versibusque
765 3563 945 3648 plerumque
965 3558 1090 3622 alternis
1117 3568 1149 3620 et
1176 3555 1233 3616 in·

91 3661 208 3720 uomtis
227 3681 254 3721 s.
276 3660 540 3746 extemporalibus.
555 3671 569 3736 (
578 3671 817 3750 οὐτοσχοὸιάσμασι
837 3657 886 3724 ael
905 3667 1083 3743 αὐτοσχεδίοις
1097 3663 1195 3740 &paor
1209 3671 1233 3722 Ι.

89 3771 245 3844 ποιήμασι,
266 3757 728 3842 Inprumptus,1mprovisore)
759 3777 922 3840 expressa,
952 3753 1062 3836 quibus
1082 3746 1233 3830 agricolae

91 3855 166 3914 rino
193 3853 278 3936 pleni
298 3862 330 3915 et
349 3862 576 3937 praetereuntes
595 3865 626 3918 et
645 3877 677 3918 se
698 3854 829 3916 invicem
842 3849 1045 3922 lacessebant,
1058 3843 1234 3906 animorum

85 3949 280 4010 remissione
299 3957 330 4012 et
349 3947 524 4012 temulentia
546 3959 709 4014 excumnte
722 3947 843 4013 iocandi
857 3956 889 4009 et
903 3941 1054 4008 irridendi
1065 3937 1234 4004 licentiam.

86 4043 222 4106 Sensim
243 4064 319 4108 vero
339 4065 387 4106 ars
408 4043 545 4108 adbiberi
560 4048 664 4132 coepit
684 4045 853 4127 rusticique
865 4040 1005 4103 homines
1018 4037 1057 4100 ad
1072 4053 1236 4097 numerum

87 4145 244 4224 (ῥυθμὸν,
264 4152 345 4224 μέτρα
366 4151 412 4206 καὶ
431 4150 581 4228 ἁρμονίαν)
614 4155 645 4206 at
665 4162 775 4206 canere
802 4149 833 4202 et
851 4133 1025 4223 gesticulari
1044 4153 1098 4196 seu
1129 4129 1236 4193 saltare

89 4230 269 4294 discebam.
300 4233 378 4296 lude
407 4235 540 4314 ulturus,
570 4237 625 4321 qui
644 4235 839 4322 principio'o
866 4231 984 4316 Satyris
1005 4237 1038 4291 ut
1064 4223 1236 4311 plurimum

93 4327 365 4413 componebatur,
386 4328 511 4416 ipsaque
525 4333 623 4418 poesis
635 4341 658 4409 ·(
672 4343 800 4417 ammi,
815 4339 925 4417 μοοοοοὴ
940 4335 953 4403 >
974 4323 1124 4407 originem
1138 4315 1237 4381 duxit.

97 4423 225 4512 Duplex
245 4435 348 4494 auteur
368 4425 447 4494 illud
466 4429 656 4500 canticoram
689 4451 785 4526 genna
816 4423 959 4515 paulatim
988 4417 1140 4490 scenicam
1159 4413 1237 4482 ‹lra-
