3098 5498
531 412 681 474 sst’iut
715 413 806 472 vm.
1140 381 1227 498 ¹43

101 627 171 670 certe
186 621 323 685 operm
340 609 485 664 tit-tto.
503 605 533 664 Si
547 627 625 681 nemra
647 623 674 663 tu
690 613 760 678 ipse,
778 626 855 680 neque
870 627 935 662 uuor
952 621 976 662 et
988 612 1089 663 comites
1104 611 1141 663 tui
1152 612 1226 681 pud·

101 715 181 768 msam
191 699 293 765 rapiunt
301 693 345 746 vel
355 691 753 763 peceatiacortwnptsntur,saeile
766 696 861 761 patiar,
874 703 899 744 te
909 695 1034 762 originem
1045 704 1131 754 marn,
1142 713 1227 762 aqim-

102 795 209 846 ourupse
220 776 301 840 uelis,
311 786 420 843 repetere
432 790 439 824 s
458 779 481 825 si
491 791 549 825 uero
561 774 694 826 libidinose
706 775 785 826 socios
797 786 821 825 ct
833 774 964 826 crudeliter
976 785 1078 836 tractas,
1091 793 1120 826 eo
1132 778 1230 828 notiora

104 861 219 916 ommim
237 871 262 911 et
277 859 450 929 maufeaiora
467 869 523 908 sunt
531 857 644 926 flagitia
664 869 723 920 oia,
745 869 793 926 ipro
807 857 939 909 illustriore
951 859 1086 910 toronaca
1098 875 1129 910 es.
1147 863 1230 912 ⁴27-

107 948 166 996 tit.
177 943 264 1010 Quare
279 959 339 1006 uero
358 939 513 990 nobilitatem
530 951 597 990 tuam
613 940 763 1006 praedicas,
775 941 798 989 si
806 939 934 990 sceleribus
945 957 1001 990 eam
1017 941 1128 1008 polluis?
1147 947 1231 993 tit-

107 1031 169 1078 445.
186 1024 338 1084 Lateranus,
351 1039 425 1092 quarn
437 1020 522 1073 corrasi
536 1033 612 1083 esset,
632 1032 705 1072 noctu
719 1033 743 1072 et
760 1039 854 1072 otmmo
867 1022 1015 1089 magistrruu
1028 1023 1136 1086 deposito
1147 1024 1230 1075 medio

107 1108 153 1162 die
173 1105 306 1175 aurigaba
319 1103 545 1176 frequetttabatque
565 1107 690 1172 popinas,
712 1103 752 1154 ubi
777 1102 808 1152 ab
834 1104 1018 1171 arguuuntur,
1035 1105 1181 1173 cmsponibus
1206 1117 1231 1156 et

106 1187 197 1240 scortis
213 1185 304 1236 blatule
315 1184 497 1253 accipiebatur,
508 1183 693 1252 certabaturque
706 1201 762 1235 cum
778 1185 893 1244 sicariis,
912 1186 1005 1246 nautis,
1024 1183 1164 1250 latronibus,
1174 1204 1231 1236 car·

107 1268 226 1340 nisiotbus
244 1278 269 1318 et
277 1266 380 1336 sobrias
406 1282 468 1335 quae
483 1265 596 1334 flagitia
610 1266 692 1334 pueris
710 1275 734 1314 et
750 1263 943 1316 adolescentibus
965 1265 1132 1317 coridonanda
1157 1279 1212 1318 stutt
1220 1305 1231 1330 ,

110 1352 245 1411 mnriris,
259 1347 456 1399 nedum-summo
472 1345 530 1397 loco
542 1351 610 1397 natis
616 1368 625 1410 3
639 1349 681 1415 qni
698 1357 782 1397 tamen
803 1346 832 1396 id
844 1345 890 1395 sibi
907 1343 982 1395 licere
995 1357 1099 1414 putant,
1111 1347 1151 1398 uel
1166 1349 1232 1400 adeo

110 1430 182 1482 lardi
194 1429 285 1480 ductast
290 1467 301 1491 ,
319 1427 386 1499 quod
398 1432 425 1479 in
441 1428 580 1479 uilissimae
593 1427 743 1480 conditionis
759 1424 897 1478 borninibru
908 1426 1030 1478 damiani
1046 1445 1173 1498 poenaque
1190 1430 1231 1481 di·

111 1529 190 1582 guam
203 1521 308 1562 oensem.
328 1513 468 1562 ito-itt.
482 1508 694 1578 Turpiorc-etiam
707 1508 747 1560 bis
759 1511 916 1560 comnsittimt
932 1507 1026 1559 nobiles
1043 1521 1085 1572 et,
1099 1514 1233 1562 mrsumtis

112 1611 159 1664 per
176 1593 262 1643 lusum
283 1590 385 1659 opibiu,
408 1590 454 1642 alii
478 1607 578 1660 operam
597 1606 685 1642 xatas
711 1588 831 1641 addiautt
846 1593 1023 1659 mimorumque
1041 1603 1119 1659 agunt
1134 1605 1233 1662 partes,

59 1667 63 1675 ⁶
112 1679 160 1732 alii
178 1675 215 1728 ad
233 1677 299 1744 ipsas
318 1673 489 1744 gladiatonsm
510 1685 576 1724 artes
594 1671 758 1736 desoendwu,
775 1682 800 1723 et
818 1689 882 1723 nratc
899 1672 999 1742 quidem
1015 1686 1112 1742 sporur,
1129 1693 1193 1738 reon,
1207 1690 1234 1730 ut

111 1760 191 1820 alirn,
208 1757 291 1810 coacti
305 1773 322 1806 a
339 1749 441 1807 Nerone
460 1752 610 1806 oidsaroedo.
629 1755 771 1807 tto-tut.
805 1751 873 1823 Quin
893 1772 924 1828 eo·
944 1753 1110 1821 impudentiae
1122 1775 1233 1826 progre-

113 1837 231 1902 diuiioa,
248 1850 275 1890 ut
292 1841 319 1889 in
335 1853 411 1888 aena
423 1835 454 1888 ab
467 1837 579 1888 omnibus
596 1839 716 1906 cognosci
730 1836 828 1905 cupiunt
846 1849 870 1887 et
886 1835 945 1888 ltinc
957 1834 1063 1888 lietiarii
1076 1856 1126 1888 esse
1140 1839 1233 1908 ννὶὶινε,Ι

112 1924 157 1994 φὶ
173 1921 223 1974 soli
238 1937 271 1972 es
285 1917 468 1989 gladiatoribus
479 1917 546 1970 turdo
562 1917 629 1970 ndtu
638 1928 760 1988 pugnant.
773 1919 917 1968 too-tto.
937 1915 1007 1971 Vera
1021 1918 1139 1971 nobilitas
1152 1940 1169 1972 a
1182 1926 1235 1974 vir·

113 2017 181 2066 oste,
195 2020 246 2054 non
258 2021 275 2052 a
291 2001 368 2054 titulis
384 2009 408 2051 et
424 2017 545 2070 gerterosa
555 2006 631 2068 stirpe
640 1999 748 2068 pendet,
760 2017 806 2049 nec
816 2003 944 2070 quisqrsam
957 1999 1088 2062 dssbitabit,
1104 1999 1234 2069 Senecam,

114 2089 199 2139 dmm
223 2081 375 2154 ignobilem,
396 2081 442 2134 sed
462 2081 565 2143 bortum
585 2078 713 2152 praeferre
736 2079 835 2134 Neroni
858 2079 1027 2150 Imperatori,
1049 2084 1092 2148 orsi
1114 2097 1236 2150 matrem,

114 2185 206 2220 utores
213 2203 222 2228 ,
238 2182 365 2227 sororem,
378 2161 493 2236 statrem
516 2163 626 2234 aliosque
639 2163 792 2232 propinquos
807 2161 900 2214 occidit
907 2199 917 2224 ,
931 2165 957 2212 in
968 2161 1070 2214 theatris
1086 2168 1196 2216 cantauit
1212 2179 1237 2220 et

117 2247 216 2300 Troica
231 2247 338 2313 scripsit.
363 2249 391 2296 21
401 2249 506 2296 t-230.
526 2241 636 2295 Catilina
655 2257 679 2295 et
700 2241 821 2314 Cethegus
847 2243 993 2295 nobilissimi
1006 2245 1083 2316 suere
1106 2247 1172 2309 uiri,
1193 2247 1238 2299 sed

117 2331 218 2401 patriae
232 2326 376 2398 perdendae
391 2328 523 2378 oottst'lium
541 2327 662 2388 inienatt,
680 2345 754 2396 quam
772 2327 871 2378 interitu
887 2327 1025 2376 vindicavit
1041 2324 1129 2378 Cicero
1141 2330 1238 2394 consil,

118 2429 197 2463 nornis
210 2409 299 2472 bomo,
313 2411 356 2480 qui
366 2412 438 2477 pacis
451 2409 542 2460 artibus
554 2409 609 2474 plus
625 2408 737 2479 gloriae,
750 2425 823 2478 qtsam
842 2407 960 2458 Octauius
971 2410 1075 2459 uictoria
1092 2409 1200 2460 Actiaca
1214 2421 1238 2460 it
1334 2457 1335 2462 ,

119 2491 267 2561 Philippica
291 2491 395 2558 adeptio
410 2503 462 2553 est,
480 2491 622 2559 primusque
643 2491 741 2541 decreto
761 2485 864 2540 Senatus
882 2487 961 2540 Patris
984 2488 1078 2558 patriae
1099 2509 1239 2560 cognomen

118 2575 225 2642 accepit.
238 2577 380 2623 tot-tit.
401 2571 518 2632 Marius,
531 2573 596 2622 alius
607 2571 734 2640 Arpiturs,
747 2571 789 2641 qui
807 2571 973 2620 mercenarius
986 2569 1048 2620 olim
1065 2581 1151 2621 arator
1162 2572 1240 2625 rdieui

117 2655 181 2724 agri
192 2664 216 2704 et
227 2652 299 2708 miles
311 2655 444 2724 gregarius
457 2656 530 2726 ficit,
541 2655 600 2704 uicit
615 2652 727 2706 Cimbros
737 2665 897 2722 praeseusque
912 2670 930 2701 a
942 2669 969 2702 rc
985 2652 1085 2720 publica
1100 2655 1239 2721 periculum

116 2736 288 2805 propulsavit,
305 2736 437 2787 adiuvante
449 2737 548 2806 quidem
563 2732 667 2798 Catulo,
681 2738 735 2786 uiro
752 2734 918 2798 nobilissimo,
932 2736 974 2802 qui
985 2746 1068 2786 tamen
1085 2753 1134 2786 non
1147 2733 1252 2788 trium-¹

117 2818 237 2886 piasset,
256 2819 306 2868 nisi
328 2817 446 2886 ignobilis
464 2817 580 2886 collega.
598 2817 688 2868 &tolus
707 2816 753 2867 sibi
777 2815 865 2866 oblatis
887 2815 1020 2883 triumpltis
1028 2837 1097 2879 ,uuo
1113 2829 1241 2870 cotrterttus

107 2895 213 2968 suisset.
230 2900 373 2948 tit-253.
395 2895 484 2960 Decii,
498 2897 589 2967 plebeii
609 2909 634 2947 et
646 2895 735 2948 ltumili
746 2895 849 2965 familia
861 2897 940 2964 geniti
951 2893 1062 2947 torum
1068 2912 1087 2958 ,'
1095 2915 1142 2965 pro
1153 2901 1238 2966 putria

117 2998 145 3031 se
167 2979 330 3040 devoverat,
350 2989 373 3027 rt
390 2978 450 3028 liare
465 2977 581 3045 piacula,
599 2993 701 3048 propter
711 2995 873 3048 personarum
890 2977 1057 3046 dignitatern,
1072 2997 1237 3038 auerruncan-

117 3061 169 3112 dae
188 3061 297 3112 Deorum
313 3063 365 3112 irae
380 3059 496 3132 affuere
515 3063 658 3112 254-258.
678 3055 788 3120 Seruitus,
808 3059 906 3128 captiua
922 3070 1008 3134 uatus,
1024 3078 1128 3129 regnum
1138 3062 1241 3130 adeptus

116 3155 154 3195 et
168 3155 192 3194 et
203 3144 321 3194 boncrwn
332 3160 417 3211 regum
431 3139 599 3209 ultimussuit.
622 3145 765 3194 259-260.
786 3141 850 3192 Filii
866 3155 952 3192 contra
969 3141 1062 3206 Bruti,
1082 3147 1158 3213 primi
1176 3165 1237 3197 cou-

115 3227 194 3288 ssdis,
210 3245 266 3277 cum
285 3226 343 3277 aliis
366 3223 562 3276 adolescentibus
582 3223 703 3274 nobilibus
723 3225 755 3274 de
773 3227 858 3292 patria
878 3229 962 3276 eiectis
988 3227 1086 3295 regibus
1110 3229 1240 3296 prodenda

115 3311 319 3370 coniectarentur,
333 3321 356 3359 et
372 3326 454 3358 seruus
466 3323 518 3356 rem
532 3303 567 3355 ad
583 3303 674 3355 Patres
690 3303 787 3358 deuslit.
808 3311 952 3359 tot-268.
964 3305 1081 3358 Praestat
1093 3312 1174 3378 itaque
1190 3310 1237 3362 ltu-

116 3391 176 3442 mili
189 3391 247 3440 loco
262 3401 346 3439 natum
359 3407 408 3439 esse
424 3397 449 3438 et
465 3387 595 3438 virtutibus
613 3386 733 3437 excellere
741 3423 751 3448 ‚
762 3405 837 3456 quam
850 3391 972 3438 maiortan
985 3389 1097 3457 gloriam
1109 3390 1240 3459 vitiisfla·

55 3522 59 3540 Ι
116 3471 235 3540 gitiisque
252 3472 428 3521 contaminare.
452 3471 596 3520 269-274.
624 3466 776 3535 Qucumqtre
793 3485 849 3517 uero
867 3469 908 3519 uel
920 3472 1092 3540 antiquissima
1104 3474 1180 3540 stirpe
1191 3477 1240 3524 orti

116 3562 191 3610 seuit,
207 3550 240 3600 ab
257 3549 404 3619 ignobilibus
426 3560 494 3600 certe
515 3557 557 3600 aut
574 3545 699 3600 sceleratis
721 3546 785 3598 adeo
808 3543 947 3602 bominibus
972 3566 1048 3619 genus
1070 3549 1169 3602 ducum
1189 3557 1239 3605 282

116 3635 215 3684 -m
1219 3669 1224 3684 .

153 3711 243 3766 Satira
257 3712 411 3764 nobilissima
426 3721 451 3762 et
466 3705 652 3779 perfectissimis
668 3711 756 3779 po'e‘tae
773 3711 853 3760 nostri
868 3711 1017 3762 carminibus
1041 3714 1239 3768 adntarteruudc.

116 3795 167 3848 Ea
180 3793 309 3864 praeclare
324 3793 407 3844 dcadt
414 3831 424 3856 ,
439 3810 521 3844 reram
538 3791 691 3844 nobilitatem
701 3807 752 3842 non
762 3792 839 3842 ueteri
851 3793 971 3860 prosapia
982 3804 1006 3843 et
1020 3795 1103 3846 multis
1116 3799 1236 3865 imagini.

116 3875 163 3925 bus
168 3911 180 3936 ,
196 3873 241 3925 sed
249 3871 376 3924 virtuibus
391 3875 538 3941 magnisque
554 3875 581 3923 in
592 3889 645 3929 rem
657 3872 781 3940 publicum
798 3873 892 3922 meritis
907 3873 1046 3936 σονιῑίννινί,Ι
1065 3873 1138 3942 idque
1151 3895 1237 3928 exent-

114 3957 169 4027 plis
185 3955 384 4023 ecatutasimir
400 3955 542 4006 illustrarit.
560 3952 649 4007 Simile
661 3965 832 4024 argumentum
844 3957 958 4005 uauwtt
971 3953 1092 4006 Horatius
1105 3953 1158 4010 Sat.
1172 3958 1202 4024 1,
1216 3965 1243 4012 6.“

117 4036 166 4092 sed
180 4037 280 4088 ratione
295 4035 373 4104 longe
393 4037 500 4087 diuersa.
523 4035 592 4106 Quid
614 4039 708 4088 intersit
729 4036 796 4093 inter
815 4035 949 4088 Horatium
970 4049 994 4088 ct
1015 4037 1159 4098 iuvenalem
1167 4046 1241 4103 ,iam

118 4117 184 4170 batte
199 4117 307 4170 ostendit
330 4115 430 4184 Koentq
451 4117 483 4169 ae
504 4115 557 4170 Sat.
574 4115 648 4169 Rom.
669 4137 696 4186 p.
719 4122 761 4171 tt.
779 4116 818 4169 bis
835 4118 934 4170 verbius
952 4118 1051 4188 tApud
1067 4119 1139 4172 illum
1157 4125 1242 4176 omnia

117 4205 242 4254 momnis
253 4199 434 4269 naturalisfilo
445 4200 596 4266 procedunt,
609 4201 792 4270 ununtquodtpse
808 4211 894 4268 sponte
910 4202 1022 4252 nascier
1035 4203 1241 4269 antecedentibus,

119 4295 164 4334 aut
176 4284 229 4334 aru
239 4282 321 4334 studio
332 4281 440 4346 oblatum
451 4283 561 4344 vitlena,
578 4282 689 4352 nihilque
695 4283 757 4354 sere
772 4285 821 4335 nisi
833 4283 929 4334 turbato
946 4285 1055 4336 omnium
1068 4285 1157 4338 ordine
1162 4301 1243 4357 potest

119 4367 220 4417 omitti.-
238 4365 279 4418 ltio
288 4361 399 4434 pitirum
417 4367 497 4416 numu
512 4369 683 4434 ciruunspecte
702 4365 790 4416 uitium
806 4364 918 4433 alsrorsts
931 4365 1093 4433 aggreditur,
1108 4369 1199 4421 deiude
1215 4375 1242 4421 in

119 4449 191 4506 uitiis
203 4460 227 4502 et
240 4447 380 4523 opprobriis
392 4447 527 4504 nobilitatis
536 4447 644 4524 uudiqtte
656 4446 807 4518 colligutdt't
815 4447 919 4502 &udat
932 4467 1023 4518 emite,
1036 4464 1062 4502 ut
1078 4449 1172 4505 lsiaturn
1188 4459 1242 4525 aa·
