3056 5490
810 444 945 506 Ptnstt

342 413 434 534 450

341 647 469 724 Gauda
489 663 594 722 natat
610 645 762 750 thynni,
782 661 901 722 tumet
919 647 1005 724 alba
1024 647 1146 724 fidelia
1164 656 1273 728 rino:

339 762 464 838 Labra
483 790 609 839 moves
629 765 774 851 tacitus,
795 765 1032 868 recutitaque
1052 755 1343 871 sabbata'palles.

341 880 452 952 Tunc
469 881 569 981 nigri
581 877 765 970 lemur-eo,
785 905 933 982 ovoque
952 880 1121 984 pericula
1140 900 1274 987 rupto:
1388 925 1423 974 «ὃς

341 994 438 1068 Hine
456 993 616 1097 grandes
635 993 757 1085 Galli,
774 1013 813 1070 et
832 1022 918 1071 cunr
934 999 1043 1072 sistro
1062 995 1166 1074 lusca
1184 997 1367 1092 sacerdos,

342 1223 437 1278 domus
453 1233 501 1278 cet.
523 1223 727 1288 coronabantur,
743 1221 824 1292 epuiis
849 1231 875 1276 et
926 1226 1051 1288 cerdotes,
1079 1229 1123 1295 qai
1154 1227 1308 1297 erplormsds'r
1335 1231 1426 1296 praeta

341 1310 404 1366 vino
422 1310 546 1362 tenorum
565 1309 668 1361 dierum
689 1306 876 1361 celebrationes
924 1327 996 1360 sacra
1017 1308 1167 1378 faciebant,
1198 1313 1319 1364 observare
1341 1313 1427 1366 samar

341 1412 397 1447 csse
409 1395 488 1447 factas
496 1432 503 1472 3
519 1401 611 1444 notum
625 1401 671 1444 ast.
695 1393 794 1445 mbmm
808 1397 872 1444 cati·
925 1411 996 1444 cumn
1012 1395 1067 1463 igar*
1080 1396 1231 1462 inpositum,
1244 1397 1352 1446 urania
1366 1400 1426 1464 capite

341 1479 448 1540 rarm,i.
462 1496 485 1532 e.
500 1474 721 1528 ficriteeatinum„
754 1513 755 1518 ,
925 1495 958 1528 aar
975 1479 1091 1530 inlatere
1107 1481 1245 1532 denudaret.
1272 1478 1299 1532 st
1314 1495 1384 1532 autem
1394 1501 1424 1532 ru·

378 1563 436 1613 483.
452 1559 541 1613 Gauda
557 1571 627 1612 natat
646 1559 745 1626 diruat.
763 1556 829 1610 Piin.
843 1557 876 1610 Η.
922 1571 993 1629 ptum
1007 1561 1153 1625 fferam,
1171 1563 1302 1631 perieulum
1313 1565 1335 1614 ei
1346 1575 1424 1628 parter·

340 1645 431 1698 MX.
445 1654 505 1698 sect.
519 1651 559 1696 tt.
574 1654 599 1696 et
613 1649 655 1696 20.
668 1643 809 1713 Praecipua
817 1659 876 1693 ma-
925 1642 1015 1704 debat,
1030 1661 1077 1713 pro
1089 1663 1138 1712 quo
1154 1647 1349 1716 sactumfuerat,
1362 1648 1426 1700 relrst'

340 1729 474 1798 gutlandiae
500 1727 590 1795 thynni
618 1729 754 1778 aramma:
783 1726 877 1778 ratam
919 1726 1050 1795 familiari
1067 1729 1126 1779 eius.
1152 1729 1267 1780 Ovorum
1286 1747 1339 1780 usus
1358 1730 1381 1780 ia
1397 1728 1425 1782 iu·

343 1809 641 1881 quindecimpepeadisse.
656 1808 776 1858 Eiusdem
784 1807 879 1858 emmae
925 1808 1091 1862 atrotioribus
1118 1819 1145 1862 et
1169 1810 1365 1863 incantationibus
1382 1811 1426 1864 tttis

342 1893 499 1944 latitudmmr
514 1897 617 1964 meusque
630 1891 878 1959 eabs'taetpatmum.
927 1902 1071 1945 natusest.
1109 1894 1211 1945 Verum
1234 1893 1387 1962 deponentis
1403 1912 1425 1948 ex

343 1975 719 2048 ampleaaadmsgnitudinem
734 1975 808 2044 piscis
820 1992 881 2044 spe,
926 1991 977 2027 ouo
1001 1985 1079 2045 rupto
1099 1987 1201 2045 praeter
1222 1975 1361 2030 scholiastes
1378 1977 1427 2030 nihil

344 2059 495 2122 ctat,cuius
507 2059 587 2110 cauda
601 2060 806 2110 toturncatinum
820 2075 875 2110 am·
926 2075 969 2108 rae
997 2055 1083 2128 legere
1110 2060 1228 2112 utemini.
1263 2059 1365 2113 Plurima
1382 2069 1427 2112 sart

343 2139 416 2212 plen
434 2141 618 2210 adponebatur.
636 2147 725 2202 rubra,
740 2137 814 2209 plena
828 2149 875 2192 est.
927 2139 1042 2192 eiusdem
1056 2142 1172 2212 generis¹
1196 2160 1261 2212 quae
1277 2153 1370 2195 aetatem
1386 2159 1425 2194 aon

378 2231 437 2278 484.
459 2224 544 2277 Labra
561 2243 645 2277 moves
665 2230 769 2284 tacitus,
786 2227 876 2277 Horat.

346 2308 429 2379 Epist.
443 2313 470 2373 t,
485 2315 524 2361 46.
540 2311 581 2360 60.
595 2318 654 2360 vota
667 2307 780 2376 concipis
792 2307 876 2359 tacite.

345 2393 432 2454 Vota,
446 2409 512 2462 quae
526 2389 753 2459 nuncupabantur,
769 2399 813 2441 aut
822 2408 878 2458 pre·

343 2495 388 2528 ces
417 2494 516 2544 semper
538 2475 657 2528 adcurate
686 2473 878 2544 pronuncianda

343 2559 425 2612 fuisse
437 2559 655 2622 videntur,aic,nt
669 2557 745 2610 etiam
758 2577 797 2620 ea,
811 2573 877 2626 quae

343 2641 457 2725 intelligi
473 2661 488 2694 a
502 2641 610 2694 nemine
622 2639 718 2693 vellent
731 2651 875 2710 precantes,

343 2744 389 2780 acu
410 2745 495 2795 pressa
513 2743 577 2779 voce
607 2743 651 2777 eeu
675 2725 752 2778 motis
775 2735 876 2778 tantam

341 2807 423 2862 labris
429 2819 512 2861 essem
524 2807 698 2878 exprimenda.
711 2812 877 2878 recutitaque,

343 2891 513 2956 circumcisa,
534 2888 650 2956 sabbata,
678 2890 695 2942 i.
721 2909 743 2944 e.
765 2908 829 2958 quae
862 2909 878 2944 a

268 2974 272 2989 '
343 2973 500 3028 circumcisis
527 2971 732 3027 ceiebrabuntur.
780 2973 878 3040 palles,

342 3061 458 3114 studiose
485 3058 555 3114 colis.
584 3059 753 3112 Sabbatoram
785 3059 878 3130 religio

345 3144 412 3212 apud
439 3147 569 3195 Romanos
595 3142 878 3210 erstfrequentissitna.

334 3230 401 3280 ,Iam
413 3225 467 3295 {sub
488 3227 604 3296 Augusto
624 3223 713 3277 iudaei
734 3225 762 3276 in
783 3243 877 3294 propa-

343 3309 435 3382 gandia
445 3309 497 3363 suis
509 3308 671 3364 caerimoniis
685 3319 712 3362 et
725 3308 814 3362 ritibus
823 3326 879 3361 am·

342 3395 429 3448 bitiosi
441 3405 524 3448 erant.
802 3398 806 3404 '

378 3483 436 3532 485.
454 3478 533 3530 Tura.
564 3475 613 3529 uto
632 3475 674 3528 die
695 3476 774 3541 sesto,
798 3493 876 3544 quem

341 3561 487 3630 superstitio
497 3561 677 3614 celebrandurn
690 3560 736 3612 tibi
750 3559 873 3632 iniungit,

259 3639 265 3648 ’
342 3644 406 3698 aliae
420 3663 519 3714 quoque
532 3663 589 3708 res,
602 3645 634 3696 ab
645 3642 736 3696 erdem
750 3643 874 3712 supersti-

927 2223 1057 2282 tuierunt.
1082 2244 1196 2293 quortun
1220 2237 1304 2278 tamen
1328 2227 1425 2278 iacturam

926 2326 1007 2376 aequo
1021 2308 1109 2362 animo
1123 2308 1238 2362 ferimus.
1264 2311 1372 2362 Ceterum
1383 2319 1425 2362 tent

927 2391 958 2442 ad
972 2393 1093 2455 lemures,
1104 2403 1163 2444 turn
1177 2392 1209 2445 ad
1226 2395 1329 2463 pataria
1340 2391 1425 2462 pertinet

926 2493 1035 2544 sequens
1047 2476 1157 2528 verbum
1171 2479 1294 2530 innume.

964 2563 1020 2612 486.
1039 2558 1153 2612 Grandes
1168 2560 1238 2612 Galla¹
1251 2557 1377 2612 sacerdotes
1386 2560 1424 2628 Cy·

926 2641 996 2694 betas
1017 2641 1051 2694 ob
1076 2642 1228 2714 praestigias
1246 2661 1301 2694 suas
1320 2643 1427 2710 inepteque

926 2743 997 2776 secra
1013 2743 1044 2777 ex
1072 2723 1182 2793 Apuleio
1213 2725 1270 2778 satis
1295 2725 1351 2778 noti.
1373 2722 1430 2774 Vade'

926 2825 1024 2860 nornen
1039 2807 1161 2872 babeant,
1174 2827 1207 2860 ne
1216 2808 1337 2861 veteribus
1347 2807 1427 2876 quiden

925 2891 1091 2962 scriptoribus
1110 2903 1168 2944 erat
1187 2903 1295 2957 notum;
1312 2891 1351 2944 sed
1374 2888 1425 2942 cari.

926 2973 1006 3027 Ouid.
1020 2977 1088 3026 Fast.
1108 2977 1162 3040 IV,
1184 2982 1227 3029 364
1254 2993 1305 3046 seq.
1342 2973 1425 3044 grau

927 3067 1021 3126 spectat
1038 3057 1070 3110 sd
1086 3059 1203 3128 corporis
1220 3069 1347 3124 staturam,
1366 3053 1427 3125 quatit

927 3157 981 3191 esse
994 3138 1062 3193 solet
1075 3151 1234 3194 exsectorem
1248 3159 1291 3193 seu
1302 3139 1424 3209 spedonam.

927 3230 952 3272 et
963 3239 1018 3285 cum
1031 3223 1103 3272 sistro
1118 3222 1187 3274 lusca
1197 3222 1315 3275 sacerdos.
1330 3219 1390 3272 isidis
1399 3233 1426 3270 st·

927 3320 970 3354 era
985 3303 1079 3355 Romae
1092 3301 1267 3358 celeberrima.
1305 3305 1376 3364 aaa,
1389 3315 1427 3351 not

927 3385 1038 3438 absurde
1052 3384 1206 3440 Sebciiastes
1214 3388 1297 3440 addit:
1309 3379 1427 3453 ideafflud

927 3471 1021 3523 nubiles
1038 3470 1176 3541 desereres,
1200 3492 1271 3543 quum
1293 3454 1427 3524 maritatam

926 3557 1077 3622 inverterint,
1094 3555 1130 3606 ad
1150 3559 1285 3608 ministeria
1307 3555 1391 3606 drouart
1408 3565 1427 3598 tt

926 3641 1065 3708 carpserant.
1101 3637 1174 3691 Soet
1198 3639 1307 3690 sormam
1333 3631 1427 3689 describit

927 3719 1050 3789 Apuleius
1062 3721 1124 3773 Met.
1137 3723 1168 3773 ll.
1208 3719 1279 3774 Nam
1298 3721 1375 3772 dextra
1390 3717 1428 3784 φὶ·

342 3725 539 3786 tioueoblatac‚
559 3729 677 3778 animum
700 3737 776 3778 tuum
791 3725 875 3796 exegi·
895 3737 899 3752 ·

342 3820 412 3872 tant,
427 3829 474 3862 nee
488 3809 624 3861 consistere
638 3809 734 3872 sinunt,
748 3818 777 3859 ut
791 3806 875 3858 lentu-
928 3807 985 3857 dem
994 3807 1091 3872 serebat
1104 3807 1191 3874 (leis)
1212 3825 1308 3858 arcemn
1318 3807 1425 3873 crepitent·

341 3910 398 3956 res,
412 3891 592 3954 maiaomina,
606 3901 655 3946 cet·
681 3892 750 3972 nigri
764 3891 888 3957 larua-es,¹
929 3891 996 3952 lum,
1010 3893 1075 3942 caius
1092 3909 1137 3960 per
1152 3901 1285 3960 'migratam
1300 3885 1427 3940 umnaat·

341 3975 455 4028 Vmbrae
475 3974 674 4038 defunctorum,
699 3992 763 4042 quae
782 3973 872 4025 viven-
931 3973 1030 4025 modian
1055 3973 1146 4025 battua
1170 3985 1319 4026 recurvatam
1340 3971 1429 4020 tru'uttt

340 4058 409 4111 tibus
421 4057 541 4126 adparere
553 4066 579 4109 et
601 4055 723 4128 molestae
737 4073 790 4108 esse
803 4065 878 4124 puta·
934 4057 1030 4108 mediae
1041 4075 1133 4125 paucae
1149 4058 1261 4128 virgulae
1272 4060 1381 4123 crispante
1389 4049 1428 4099 brt·

341 4145 450 4208 bantur,
488 4141 581 4211 quibus
611 4139 746 4210 abigendis
775 4142 885 4206 lemuria'
934 4139 990 4191 ctio
1002 4141 1151 4208 tergeminos
1161 4144 1239 4192 iaetus
1250 4138 1429 4196 addetauagr

342 4226 787 4296 erautconstitutaapudiiomancs.
802 4225 872 4278 Orid
935 4235 987 4274 tum
998 4241 1091 4275 sonum.
1115 4222 1190 4275 Sistri
1207 4220 1338 4292 imaginem
1349 4227 1427 4282 erpttt·

340 4315 411 4371 Fast.
424 4313 465 4377 V,
480 4317 531 4363 4¹9
553 4329 627 4382 seqq.
656 4329 751 4380 ovoque
770 4295 885 4378 periculi
932 4293 990 4360 bem
1006 4307 1065 4360 vide
1079 4309 1147 4379 apud
1161 4310 1264 4360 Gruter.
1275 4305 1375 4369 inscript·
1387 4308 1428 4363 [³²ss-

336 4407 419 4478 roptu.
434 4393 589 4455 Soboliastes
602 4393 634 4447 ad
647 4393 672 4445 b.
682 4391 700 4444 l.
714 4401 818 4446 narrata
835 4392 883 4446 Sa·
937 4397 977 4446 82.
995 4409 1021 4446 n.
1036 4399 1059 4446 3.
1076 4403 1105 4447 et·
1119 4397 1143 4446 2.
1169 4391 1267 4446 uadem
1283 4387 1350 4442 sistro
1360 4381 1430 4448 Atti·
