3108 5494
360 363 448 422 toz

346 563 545 636 Lemonum
564 560 857 664 ancillasposita
875 562 1211 648 Iaouiellacorona

797 365 1022 426 lVVENALIS

1313 633 1315 640 >
1377 623 1466 695 ‚seo

344 681 530 755 Provocat
546 695 584 752 et
601 677 702 754 tollit
719 679 919 782 pendentis
938 687 1105 784 praemia
1128 713 1256 764 cosae.

344 796 429 898 Ipsa
449 793 679 868 Medullinae
696 793 855 901 fluctum
875 800 1062 914 crissaucis
1082 801 1233 880 adurat:
1325 847 1327 857 ν

344 911 508 988 Palmam
528 913 628 985 inter
648 910 817 986 dominas
834 916 953 989 virtus
972 917 1161 996 natalibus
1179 944 1330 1027 aequat.

341 1026 403 1102 Nil
422 1027 473 1099 ibi
491 1051 560 1129 per
579 1024 709 1099 ludum
730 1025 986 1104 simulabitur:
1008 1037 1133 1108 omnia
1159 1033 1254 1110 fient
1295 1099 1298 1106 .

340 1140 399 1214 Ad
420 1167 573 1230 verum,
590 1140 729 1241 quibus
747 1143 899 1218 incendi
919 1147 992 1256 iam
1009 1145 1168 1251 frigidus
1188 1177 1280 1230 aevo

1388 1202 1458 1252 =325

340 1255 675 1332 Laomedontiades
694 1274 732 1331 et
748 1259 916 1334 Nestoris
938 1260 1073 1338 hernia
1092 1268 1221 1369 possit.

339 1378 449 1448 Tunc
465 1376 622 1477 prurigo
642 1401 768 1450 morae
788 1379 1006 1481 impatiens,
1028 1397 1121 1456 tuuc
1133 1383 1273 1462 femina
1285 1389 1457 1494 simplex,

351 1514 355 1532 ’
371 1543 430 1594 320.
446 1538 548 1613 suffer.
563 1549 583 1593 4.
600 1545 642 1595 ct.
659 1545 701 1594 444.
715 1547 756 1595 44.
771 1548 811 1596 ro.
826 1547 867 1597 44.

338 1627 377 1678 87.
393 1627 492 1676 Romae
505 1623 556 1676 futs
568 1623 673 1696 Smflia
686 1642 749 1695 gens
762 1625 870 1697 notique

336 1706 432 1780 Sarfisii
445 1727 459 1760 4
476 1705 542 1762 Plio.
554 1709 610 1764 Vll.
625 1715 668 1762 53.
681 1719 708 1760 44
720 1708 799 1762 Cicer.
820 1713 867 1770 Ra.

334 1790 383 1844 4444.
396 1789 471 1844 Ρ444.
482 1799 506 1846 7.
519 1801 545 1844 et
563 1791 641 1861 Epist.
655 1791 687 1843 444
700 1792 776 1846 Attio.
794 1796 825 1856 l,
842 1799 866 1845 3.

333 1875 366 1939 11,
381 1877 653 1941 s.1v‚s·x1v‚·ts.
673 1875 737 1938 XV.
749 1882 774 1929 4.
788 1877 866 1938 XVI,

333 1968 359 2016 3.
376 1962 485 2036 Lussscia
505 1963 546 2014 50.
572 1965 614 2015 64.
631 1961 817 2033 bussereth
828 1979 865 2015 ru.

331 2063 371 2120 pf.
385 2046 426 2095 20.
441 2046 481 2094 22.
500 2040 608 2110 Lmseta
627 2049 723 2095 44-44
738 2061 752 2094 a
766 2059 802 2094 444.
815 2061 864 2096 aee.

332 2133 373 2181 48.
388 2131 429 2180 24.
445 2132 488 2179 27.
503 2132 545 2179 46.
559 2132 601 2178 47.
617 2131 659 2178 48.
682 2131 723 2182 58.
739 2133 781 2179 85.
799 2127 865 2179 444444-

326 2212 396 2284 sut.
412 2215 451 2264 4ο.
467 2218 507 2262 44.
531 2213 572 2262 ts.
591 2211 633 2264 44.
651 2213 690 2262 44.
706 2216 748 2264 44.
770 2218 808 2264 44.
822 2219 863 2265 44.

332 2301 441 2351 54-57.
455 2301 497 2350 59.
505 2299 546 2348 60.
560 2299 601 2346 62.
617 2295 658 2348 53.
672 2300 781 2348 65-69,
797 2303 863 2348 7l-·
876 2303 880 2322 ¹

331 2385 373 2433 74.
391 2385 431 2432 77.
445 2389 471 2431 et
489 2395 580 2431 omues
599 2377 675 2444 codd.
696 2377 773 2431 Paris.
794 2379 863 2432 unde

328 2463 357 2516 id
368 2463 452 2534 recepi
464 2481 524 2514 cum
540 2461 604 2513 44444.

363 2561 531 2618 Restituentla
543 2560 655 2614 4444444444
663 2562 737 2615 lectio
749 2561 861 2636 Sdufeia.

328 2647 397 2700 Nota
415 2645 446 2699 ol.
467 2645 622 2698 Boissonade
642 2645 675 2699 44
698 2645 813 2699 ilicetum
836 2669 860 2716 p.

329 2735 372 2782 97.
386 2739 424 2784 444
433 2727 511 2782 haec:
529 2745 540 2778 44
548 2727 686 2796 4444444444
697 2748 744 2800 pro
755 2729 859 2804 Saufeio

328 2812 460 2866 4440444444
502 2809 638 2865 lectionem
678 2812 796 2882 Lause-Ila
829 2835 860 2868 ex

326 2894 463 2960 omnibus,
482 2892 534 2956 ait,
554 2893 627 2947 codd.
644 2895 706 2948 suis.
731 2897 859 2964 Equidem

325 2979 415 3037 44444444
450 2980 479 3032 iu
497 2977 652 3047 sshumeo,
680 2980 795 3050 qui-est
827 3002 859 3035 ex

323 3127 386 3194 44444,
405 3148 467 3198 quos
487 3126 546 3182 suos
567 3139 650 3195 vocat,
664 3085 776 3205 Satrselga
798 3151 857 3188 cum

325 3212 421 3268 scholio
441 3216 564 3266 matrona.
588 3217 683 3267 Rursus
717 3217 749 3268 44
787 3237 856 3274 vers.

323 3273 384 3352 3'22.
399 3316 445 3368 pro
452 3303 563 3368 fluctum
575 3300 610 3350 sit
621 3298 715 3352 rectius
729 3301 795 3354 sorte
809 3303 855 3356 4444-

322 3380 496 3455 berefiicuun
515 3379 614 3433 codices
630 3401 698 3437 suos.
727 3384 854 3452 Equidem

321 3453 411 3519 iuveni
422 3464 450 3516 444
467 3463 594 3517 Thuaneo
611 3465 783 3520 vetustissimo
789 3471 849 3544 flu

321 3561 404 3610 etum,·
417 3564 483 3618 qum
500 3565 550 3600 vox
568 3547 601 3599 ad
615 3547 853 3606 subsultatiouesat-

321 3647 370 3698 que
382 3628 470 3682 scedas
486 3629 685 3702 subegitatioues
707 3651 759 3685 non
784 3635 851 3688 mule
903 3667 908 3680 ·

319 3711 421 3767 detorta
442 3710 566 3766 illustrari
591 3724 672 3782 potest
695 3717 853 3772 Dioscuridis

318 3795 406 3868 Epigr.
425 3801 466 3848 54.
483 3796 510 3847 in
527 3793 634 3848 Anthot.
651 3797 704 3850 Pul.
719 3819 741 3852 c.
756 3807 781 3854 5.
794 3803 850 3859 liri·

318 3898 378 3934 trove
390 3880 562 3954 γαστροβαρῆ
576 3881 637 3956 πρὸς
649 3883 694 3936 cela
706 3883 782 3956 λέχος
801 3886 845 3938 4444-

316 3961 476 4037 4444ρὸσωπον
487 3961 636 4036 nearest...
644 3965 728 4040 κλίνῃς
738 3967 848 4038 Κύπριδι

316 4046 476 4116 τερπόμενος.
491 4049 601 4101 5444σὸ04
614 4049 665 4124 γὰρ
683 4049 752 4120 μέγα
767 4057 847 4122 κῦμα.

316 4109 361 4180 iat
377 4129 423 4181 οὐκ
437 4129 521 4200 ὀλίγος
537 4129 610 4192 πόνος
631 4131 701 4184 iosos
710 4172 718 4198 ‚
731 4138 784 4196 Τῆς
797 4136 844 4207 μὲν

314 4209 487 4281 ἔρεσάομένης,
513 4215 559 4266 σοῦ
585 4211 615 4268 dl
640 4215 841 4288 calscoplrom

921 1540 992 1596 a'me
1010 1555 1096 1600 notata
1107 1559 1157 1602 444.

954 1633 1013 1680 324.
1038 1641 1062 1682 44
1079 1632 1146 1684 tollit
1162 1637 1281 1690 revocavi
1298 1654 1329 1692 44
1348 1644 1389 1692 40.
1410 1650 1452 1694 44.

922 1715 1032 1765 44-25.
1045 1719 1087 1767 27.
1100 1722 1208 1772 45-50.
1221 1724 1327 1776 54-69.
1339 1729 1453 1779 74-74.
1549 1741 1551 1770 l

918 1797 1014 1849 attollit
1030 1803 1071 1850 70.
1085 1807 1126 1853 75.
1144 1809 1186 1856 76.
1206 1810 1247 1858 77.
1266 1809 1307 1858 82.

951 1898 1010 1948 377,
1025 1895 1083 1966 Ipse
1095 1903 1138 1953 27.
1150 1904 1191 1952 46.
1203 1906 1243 1954 49.
1257 1904 1297 1958 57.
1308 1933 1340 1947 -·
1355 1909 1449 1962 Medu-

916 1977 1030 2032 444444473.
1043 2009 1078 2020 -
1087 1985 1223 2051 fluctuant.
1234 1993 1276 2042 75.
1290 1991 1449 2062 82.sn'otwn

918 2065 960 2112 48.
975 2068 1083 2116 494444.
1097 2083 1146 2120 sec.
1159 2072 1200 2120 70.
1216 2073 1243 2120 24
1265 2081 1447 2130 4444444473.
1485 2075 1488 2082 “

915 2148 956 2196 24.
969 2151 1009 2198 25.
1031 2153 1073 2202 27.
1088 2157 1199 2206 46-50.
1222 2161 1331 2212 54-74.
1350 2167 1389 2214 76.
1404 2167 1445 2214 77.

915 2229 956 2281 65.
980 2249 1119 2302 omnesque
1139 2235 1215 2290 codd.
1236 2239 1316 2294 Paris.
1333 2241 1446 2300 04444444.

918 2313 1033 2366 sodomi
1060 2317 1178 2388 frictum,
1204 2321 1264 2392 quia
1286 2325 1444 2394 gentiunt

912 2394 1016 2448 frictum
1061 2399 1246 2456 incurvatum
1284 2409 1443 2463 Farnobius:

916 2479 999 2548 ιιγνὺξ
1011 2481 1184 2555 interimemur
1201 2489 1284 2560 τρίβει
1297 2491 1442 2564 λεῖχειτω

910 2562 974 2614 lude
999 2566 1112 2620 4444444444
1143 2569 1227 2626 444444
1250 2577 1382 2644 sticarium.
1416 2595 1443 2630 v.

911 2645 1012 2701 Comm.
1025 2649 1057 2702 444
1070 2670 1096 2704 v.
1114 2660 1173 2722 344..
1190 2658 1305 2728 strictum
1320 2669 1357 2730 ¹7·
1375 2666 1404 2714 24
1427 2680 1445 2713 a

911 2746 947 2779 444.
961 2749 999 2799 pr.
1018 2735 1059 2785 22.
1079 2741 1120 2788 45.
1139 2737 1238 2807 flectam
1263 2747 1293 2793 49
1311 2761 1325 2794 4
1345 2761 1381 2794 m.
1399 2763 1439 2813 pr.

912 2815 1002 2864 rictum
1013 2817 1058 2882 (eo
1068 2835 1151 2885 seusu,
1158 2839 1211 2891 quo
1219 2822 1285 2892 aputl
1293 2823 1443 2879 Martialem

908 2894 1020 2966 aliosque
1038 2919 1088 2953 vox
1099 2901 1143 2956 4444
1155 2905 1318 2976 adhibeatur)
1330 2907 1442 2964 omniuo

907 2977 1047 3050 legendum
1074 2987 1177 3056 putabet
1200 2992 1228 3058 β.
1252 2993 1381 3050 veterius.
1407 3025 1442 3040 -

907 3069 1021 3119 crisantis
1045 3077 1069 3123 4.
1088 3077 1184 3126 47.24.
1205 3081 1245 3130 22.
1270 3082 1313 3132 23.
1335 3086 1377 3134 46.
1396 3086 1439 3136 47.

907 3153 948 3202 46.
964 3156 1005 3202 64.
1018 3162 1047 3206 ut
1063 3171 1105 3222 ap.
1118 3155 1231 3210 41444444.
1244 3157 1287 3220 Χ,
1303 3165 1354 3223 68,
1369 3165 1410 3214 40.

941 3253 999 3303 373.
1012 3255 1081 3304 vinu
1099 3252 1142 3321 (44.
1157 3272 1181 3307 e.
1203 3273 1279 3309 4444444
1294 3257 1434 3327 genitalis)

906 3349 954 3401 pro
970 3336 1050 3387 virtus
1062 3339 1130 3406 conj.
1144 3339 1310 3393 Schrader-et
1323 3341 1419 3395 Baltedt
1426 3381 1438 3406 ,

904 3420 949 3487 qui
959 3417 994 3471 ita
1005 3419 1031 3473 h.
1039 3418 1055 3471 4.
1063 3423 1180 3492 expetiit:
1196 3423 1283 3478 lascivi
1293 3427 1348 3480 suci
1356 3427 1440 3481 4444444-

903 3501 988 3556 dantis
1000 3503 1115 3558 eiuscius
1126 3507 1227 3560 videtur
1237 3508 1348 3577 bonum,
1358 3531 1437 3581 quem

902 3584 1030 3641 nobilitas.
1063 3589 1142 3642 Nobis
1163 3595 1252 3644 44444444
1273 3611 1358 3664 neque
1375 3613 1438 3650 oon·

900 3677 1054 3736 secturam.
1076 3691 1160 3744 neque
1193 3675 1435 3748 interpretationem

903 3751 968 3806 hauc
983 3757 1114 3824 persuasit.

935 3859 993 3910 444.
1010 3859 1056 3910 rtet
1072 3879 1118 3929 pro
1131 3861 1166 3913 444
1180 3867 1219 3915 444.
1235 3869 1274 3919 ts.
1287 3867 1376 3920 4444
1387 3871 1432 3921 44.

900 3945 940 3993 54.
955 3947 996 3994 63.
1014 3949 1055 3997 68.
1074 3953 1115 3998 74.
1127 3952 1167 4002 72.
1181 3955 1221 4002 73.
1232 3978 1266 3990 ·-
1281 3953 1433 4004 similabitur

897 4021 964 4076 444444
981 4025 1145 4082 scribendum
1163 4049 1208 4100 pro
1226 4033 1386 4088 stmtdabisto.
1403 4055 1431 4089 v.

897 4125 951 4178 sup.
966 4109 999 4160 ad
1010 4113 1033 4163 ll
1041 4150 1050 4174 ,
1070 4120 1095 4165 3.
1109 4117 1218 4186 -fiwtt
1233 4121 1273 4170 49.

928 4213 986 4262 376.
1008 4211 1048 4264 uel
1061 4209 1175 4267 Nestoris
1187 4223 1228 4270 77.
1248 4247 1281 4259 ·-
1294 4217 1383 4273 44444444
1398 4223 1427 4273 9.

313 4289 632 4350 Hiecdchsiotsiiiucuriu
640 4299 666 4350 iu
679 4299 843 4354 conserendis
891 4293 960 4361 4411041
978 4293 1043 4347 78843
1054 4297 1146 4366 47070ῐῖ4
1158 4317 1241 4368 genus
1252 4312 1298 4355 etl·

312 4377 439 4431 codicibus
455 4379 549 4449 passim
566 4391 593 4434 et
609 4400 624 4434 a
644 4381 803 4454 0644404444,
815 4393 841 4440 44

924 4393 984 4445 327.
999 4389 1064 4448 Tam
1079 4401 1184 4467 prurigo
1204 4403 1243 4452 45.
1261 4405 1302 4455 46.
1318 4405 1359 4457 47.
1380 4405 1426 4456 49.
