3078 5494
552 441 768 502 excreatus
1121 423 1213 544 289
1236 413 1238 418 ’

101 663 189 716 urat
214 653 380 726 lloannnos,
404 653 572 736 quiesque
591 653 668 716 adeo
689 655 726 715 uls
745 653 869 737 antiqua
888 655 1062 740 frugalitate
1082 655 1219 722 descire*

99 749 187 822 rint,
207 737 241 809 rit
258 767 369 828 susque
388 746 485 831 deque
516 747 616 810 hab-ita
643 749 706 831 agri
733 746 854 809 colendi
879 750 995 812 ratione
1025 765 1096 832 prae
1123 753 1218 815 nimio

101 844 194 923 gulae
214 843 285 903 luxu
302 845 413 922 piscem
434 842 534 924 potius
554 853 709 916 emerent,
724 843 809 904 euius
823 843 955 925 singulas
968 844 1076 924 libsus,
1089 848 1113 908 si
1128 849 1218 912 modo

98 938 272 1000 adulatoria
292 937 422 1000 sanitate
442 938 480 999 de
501 939 615 1020 magnis
634 939 748 1000 maiora
761 959 823 1000 aon
844 940 959 1003 inerint
978 940 1072 1014 dieta,
1092 943 1218 1004 uenien—
1279 955 1288 970 ⁸

98 1029 185 1094 tibus
203 1035 292 1096 etiam
314 1035 345 1093 iu
375 1033 515 1116 ponderis
534 1035 682 1095 rationem
703 1039 836 1116 squamis
865 1043 895 1095 et
916 1035 1140 1108 interaneorum
1159 1059 1218 1099 re-

98 1130 266 1205 iectaneis,
285 1130 411 1210 siugulis
431 1127 565 1188 millibus
585 1140 765 1208 pensarent,
780 1149 868 1211 quam
890 1140 926 1192 ut
945 1151 981 1191 eo
995 1131 1091 1210 pretio
1111 1129 1217 1214 agruni

97 1224 162 1300 sibi
183 1233 401 1305 compararent.
437 1222 484 1282 cf.
514 1223 633 1283 Colum.
660 1223 758 1284 Praei.
778 1224 816 1283 ad
837 1223 889 1284 lib.
915 1223 953 1286 de
973 1225 1008 1284 R.
1040 1223 1074 1285 ll.
1107 1227 1217 1288 Obiter

2 1317 3 1324 ’
97 1314 195 1378 etiam
216 1319 334 1380 vellicat
361 1318 525 1399 superbum
547 1316 621 1379 illud
649 1316 846 1378 delicatorum
878 1328 1021 1400 nepotum
1050 1319 1140 1400 patrii
1159 1321 1217 1382 soli

99 1413 275 1486 fastidium,
298 1413 351 1496 qui
371 1435 433 1473 non
453 1412 633 1473 dubitabant
652 1411 747 1494 pluris
768 1433 869 1474 enuere
888 1435 977 1496 agros
991 1414 1021 1472 in
1039 1419 1216 1496 proviaciis,

97 1527 194 1588 quarn
214 1515 247 1568 ut
266 1511 396 1566 uraiores
416 1505 638 1586 fertilioresque
657 1505 764 1566 eodem
794 1507 894 1587 pretio
918 1511 950 1567 in
971 1507 1034 1589 ipsa
1054 1509 1159 1579 ltalia,
1183 1512 1215 1572 in

97 1603 198 1666 fertili
231 1603 280 1664 illa
305 1602 443 1682 Apulia,
470 1601 527 1662 sibi
559 1613 779 1684 compararent.
810 1604 988 1685 Legendum
1021 1626 1094 1687 ergo
1127 1628 1216 1669 sensu

97 1697 198 1780 plano
217 1707 248 1759 et
267 1697 374 1780 obvia:
396 1699 557 1759 Provincia
568 1701 645 1757 tarrti
662 1698 692 1755 V
691 1696 773 1758 eradit
786 1691 877 1778 agris
888 1719 896 1770 3
909 1714 937 1758 et
956 1701 1084 1760 maiores
1098 1703 1216 1780 Apulia

96 1793 215 1854 vendit.
243 1792 355 1875 Tangit
374 1793 462 1854 etiam
484 1791 583 1852 obiter
603 1791 791 1872 Appulorum
813 1791 930 1872 gulam,
944 1795 993 1853 cui
1014 1803 1049 1853 nt
1068 1794 1216 1877 obseque-

22 1931 25 1936 ,
99 1899 234 1964 rentur,
264 1908 354 1969 agros
374 1909 443 1949 suos
463 1887 562 1946 viliori
584 1887 681 1968 pretio
703 1885 880 1946 vendebant.
913 1899 948 1952 Τὸ
968 1887 1021 1947 secl
1049 1888 1215 1964 alibrariis

98 1993 148 2044 est
169 2005 208 2046 ex
229 1983 309 2044 finali
331 1982 417 2043 litera
436 1985 481 2048 τὀῡ
501 2004 591 2061 agros
611 1981 835 2064 praecedentis,
849 1989 879 2041 et
899 1984 1116 2044 monachorum
1135 1985 1215 2046 seri·

100 2079 193 2159 ptura
213 2093 277 2152 set,
304 2087 336 2138 nt
356 2077 521 2138 sexcenties
539 2077 573 2136 in
593 2086 664 2136 vett.
694 2077 784 2137 lllSS.
806 2086 840 2136 -et
859 2077 976 2158 saepius
1008 2079 1045 2137 nd
1080 2079 1211 2139 Martinl.

99 2175 224 2234 monuit
243 2175 433 2236 Seriverius:
455 2182 507 2232 aut
534 2173 557 2231 si
578 2172 645 2252 quis
665 2183 694 2236 τὸ
720 2171 774 2230 scd
801 2171 929 2232 tolerare
963 2172 1053 2246 velit,
1081 2177 1213 2233 nostram

102 2269 282 2329 sententiam
305 2266 444 2328 admittat
469 2265 582 2326 saltent.
594 2307 613 2341 „
651 2266 786 2326 Praedia
805 2267 931 2347 Appula
945 2265 1105 2326 laudantur
1123 2268 1214 2327 etiam

102 2363 157 2422 inf.
181 2363 242 2438 tx,
263 2363 311 2424 55.
327 2361 377 2422 ubi
399 2363 438 2422 cf.
459 2362 577 2422 Gomm.
597 2403 630 2414 -
651 2361 770 2420 Prateus
793 2370 895 2420 tamen
915 2369 944 2419 et
969 2361 1016 2418 elii
1044 2382 1106 2420 non
1136 2361 1214 2421 male

101 2459 313 2540 suspicantur,
338 2459 463 2517 rninoris
490 2475 581 2536 quarn
615 2454 686 2514 alibi
708 2454 821 2515 venisse
848 2475 938 2535 agros
954 2452 1102 2535 Apuliae,
1132 2455 1215 2538 quod

100 2573 213 2632 magna
235 2553 299 2613 eius
320 2574 403 2632 pars,
422 2572 512 2633 quam
534 2558 619 2632 po'c'ta
641 2548 825 2628 respexerit,
848 2548 1001 2622 urentibus
1020 2568 1122 2630 aspera
1142 2551 1214 2610 fue·-

103 2645 147 2704 rit
167 2667 201 2706 ac
221 2646 331 2706 sterilis
352 2653 403 2716 (v.
425 2645 529 2706 llorat.
548 2643 608 2702 Sat.
628 2643 664 2715 Ι,
686 2644 717 2714 5,
737 2661 775 2722 77
796 2661 856 2724 seq.
875 2649 906 2701 et
926 2639 1031 2700 Seuer.
1047 2641 1100 2723 llp.
1121 2643 1170 2724 87.
1183 2651 1214 2703 et

99 2758 153 2816 9¹·
174 2739 226 2798 ubi
247 2737 319 2799 haec
339 2740 501 2820 leguntur:
516 2741 596 2816 Agri
604 2736 764 2796 surburbaui
776 2749 892 2794 tautum
903 2735 1051 2813 possidat,
1065 2749 1213 2815 parantum
1279 2785 1281 2787 .

100 2835 252 2894 iaricliose
271 2838 303 2894 iu
323 2835 448 2896 desertis
468 2831 602 2914 Apuliae
619 2828 821 2910 possideret),
843 2827 890 2888 vel
909 2828 990 2909 quod
1011 2831 1119 2911 Apulia
1139 2832 1213 2890 inle-

98 2939 198 3006 stetur
217 2927 348 2989 Atabulo
367 2938 481 3002 uento,
500 2928 552 3010 qui
572 2925 687 3006 plantas
713 2924 829 3005 frigore
847 2922 985 2997 adurat,
1014 2923 1052 2984 de
1072 2945 1133 3006 quo
1152 2925 1213 2985 vid.

98 3023 205 3084 llorat.
222 3023 240 3082 l.
268 3023 287 3082 l.
308 3023 413 3083 Senec.
435 3021 501 3082 Nat.
521 3023 643 3099 Quaeat.
665 3018 711 3091 V,
730 3040 773 3098 17.
796 3017 872 3078 Plin.
887 3014 993 3093 XVll,
1015 3019 1064 3088 al.
1078 3017 1156 3078 Gell.
1172 3019 1213 3093 ll,

97 3137 152 3178 22.
173 3116 258 3177 Alex.
278 3116 317 3176 ab
335 3117 419 3178 Alex.
439 3115 506 3189 lll,
535 3136 583 3174 22.
613 3112 649 3174 H.
671 3111 786 3171 Valesii
807 3121 876 3170 nota
898 3120 961 3171 eat:
982 3119 1001 3151 ‘⁴
1013 3111 1044 3170 Si
1066 3111 1213 3172 luvenalis

98 3211 141 3269 ita
163 3211 352 3292 scripsisset,
371 3209 540 3269 necessario
561 3205 722 3267 addidisset
742 3205 823 3265 baud
843 3204 935 3265 dubie
955 3225 1124 3264 mensurans
1147 3207 1212 3286 agri

97 3305 231 3382 venalis,
248 3329 276 3368 v.
296 3325 325 3387 g.
346 3303 416 3364 bina
437 3311 488 3363 aut
507 3303 584 3362 trina
605 3303 721 3382 iugera,
735 3312 768 3361 ut
781 3321 884 3361 sensus
899 3312 1061 3362 constaret.
1082 3301 1211 3382 Scripsit

98 3401 208 3482 igitur:
232 3399 346 3460 Vendit
364 3419 474 3479 apros,
486 3397 539 3456 aed
561 3395 657 3455 multo
671 3399 800 3456 maiores
814 3393 908 3454 mullo
923 3395 981 3456 isto
995 3404 1024 3454 et
1040 3397 1212 3476 provinciae

97 3514 170 3556 suae
187 3493 310 3554 nomine
329 3490 600 3554 commendatiores
619 3489 736 3571 Apulia
754 3489 863 3550 venae.
877 3530 896 3564 „

139 3586 482 3666 Ceterumscripturam
503 3583 642 3665 Appulia
662 3603 718 3665 pro
737 3583 854 3662 Apulia
884 3583 1022 3645 revocavi
1050 3583 1211 3644 seo-63.

97 3679 149 3745 65.
168 3699 209 3740 ne
229 3687 361 3740 metrum
383 3678 550 3738 laboraret:
572 3697 643 3736 nam
664 3676 791 3758 primaru
812 3673 880 3758 syll.
912 3699 976 3740 voe.
998 3675 1112 3758 Apulia
1138 3677 1212 3738 bre·-
1254 3727 1257 3736 .

38 3761 41 3767 ’
98 3795 168 3835 ..ω
189 3793 270 3845 esse,
293 3773 475 3853 intelligens
496 3792 533 3832 ex
554 3772 660 3831 uorat.
681 3770 741 3831 oe.
762 3770 826 3848 ιιι,
851 3774 908 3846 24,
932 3774 962 3844 4.
986 3781 1016 3830 u
1035 3769 1072 3828 u.
1105 3771 1211 3851 usque

98 3878 199 3929 taurea
220 3865 355 3928 eamdem
383 3867 424 3926 ob
447 3887 565 3927 causum
597 3874 721 3925 auctore
748 3865 895 3925 Sclrnrzll.
922 3861 1160 3925 emendandum:
1182 3878 1213 3922 ec

97 3966 230 4023 maiores
263 3975 345 4022 terra
364 3961 489 4042 Appula
514 3959 628 4020 uendit.-
659 3979 729 4016 nent
762 3960 892 4019 secunda
925 3958 1047 4038 quidem
1078 3957 1145 4038 syll.
1166 3974 1212 4021 τοῦ

98 4056 220 4135 Apulus
240 4076 264 4116 a.
283 4055 424 4136 Appulus
444 4053 608 4134 corripitur
627 4073 644 4111 a
663 4049 775 4130 potitis,
798 4049 848 4111 sed
868 4053 912 4107 τοῦ
934 4049 1052 4129 Apulia
1072 4059 1102 4108 et
1123 4050 1212 4128 Apu-

98 4151 174 4208 lieus
195 4169 316 4229 semper
336 4147 533 4230 producitur,
554 4169 581 4208 v.
601 4167 628 4206 c.
662 4143 702 4203 ab
722 4142 849 4204 Horatio
876 4144 908 4204 in
938 4141 997 4207 Od.
1019 4142 1084 4218 lll,
1114 4147 1212 4219 alpi.

102 4246 134 4304 in
158 4244 251 4327 Epod.
275 4243 336 4320 lll,
361 4247 405 4308 ali·
426 4243 506 4304 etin
527 4243 588 4304 Sat.
609 4241 644 4319 l,
665 4240 705 4320 5,
725 4255 772 4317 77.

202 4544 279 4616 Ivv.
300 4543 330 4628 l,
