3120 5494
605 491 818 550 excursus
938 559 941 566 ⁴
1175 457 1266 550 313

153 689 202 752 lris
220 685 373 749 Schrader
392 684 561 746 Emendntt
584 705 614 766 p.
637 683 693 746 136
712 705 773 768 seq.
795 684 846 744 ubi
869 692 994 755 munet,
1025 687 1269 765 (imminentem,¹

154 783 383 862 praestantiores
417 780 562 862 quidem,
589 778 668 840 nihil
689 779 836 840 eiusmodi
859 780 1003 851 trudere,
1023 781 1162 863 ideoque
1183 784 1270 853 loon,

153 879 264 960 quibus
283 877 340 937 viri
360 875 443 937 docti
464 883 681 946 soluerentur,
705 884 755 935 snt
774 885 913 956 suspectu
933 897 1017 948 esse,
1040 886 1092 936 sut
1112 881 1270 960 perspicue

154 969 306 1032 mendosa.
328 972 397 1032 ltleo
418 969 633 1052 qualicumque
653 967 767 1029 iudicio
788 969 859 1030 tulin
879 970 902 1030 si
924 979 954 1030 et
971 970 1152 1045 circueunda,
1166 981 1271 1036 tumen

153 1087 217 1124 non
244 1069 310 1125 sine
343 1065 516 1126 necessitate
547 1062 739 1124 obtrudende
760 1071 830 1124 suut
850 1069 976 1145 posue,
996 1073 1046 1138 et,
1066 1065 1202 1146 quumvis
1222 1065 1274 1126 illu

153 1158 325 1220 emendatio
357 1157 474 1221 Heinsii
503 1157 638 1218 arridere
671 1157 788 1240 possit,
815 1167 849 1218 nt
879 1157 1029 1219 lureunlis
1059 1158 1194 1222 iunxerit
1212 1159 1275 1223 duo

154 1256 247 1316 verbu
267 1255 344 1335 sing.
365 1275 469 1328 uum,
488 1253 660 1314 caeruleum
680 1273 722 1312 sc.
734 1253 849 1335 piscem
869 1263 901 1316 et
916 1253 1206 1335 piscemfluurinis‚
1229 1253 1276 1315 le·

154 1351 233 1411 viuri
264 1353 430 1411 mutatione
449 1349 543 1411 nitori
564 1348 708 1410 curmiuis
728 1348 767 1420 (si
787 1350 870 1409 nitor
888 1357 949 1422 est,
970 1367 1027 1410 uec
1050 1342 1154 1430 potius
1174 1359 1276 1410 nostru

153 1445 266 1524 lectio,
300 1465 377 1529 quse
405 1443 526 1506 doctior
545 1452 605 1518 est,
626 1450 721 1524 magis
740 1443 838 1522 plicet
858 1442 973 1519 multis)
993 1442 1113 1504 consuli
1136 1444 1275 1524 poterit,

155 1543 180 1604 ei
209 1541 397 1622 reposueris:
427 1541 499 1601 Illic
525 1539 694 1613 caeruleus,
715 1541 764 1603 liic
781 1543 880 1621 pisces
893 1539 1046 1619 fluminis.
1080 1537 1127 1598 ltu
1147 1537 1205 1598 sibi
1224 1559 1277 1600 re-

157 1636 310 1717 spondent
340 1639 437 1717 pisces
469 1635 620 1705 coerulei,
654 1631 683 1692 h.
696 1653 721 1694 e.
743 1635 833 1694 mnris
863 1631 995 1694 caerulei
1026 1653 1051 1694 s.
1086 1630 1194 1692 murini
1211 1673 1221 1706 ,
1240 1653 1276 1694 uc

150 1737 251 1812 pisces
270 1731 424 1791 arusinis-2
444 1737 475 1791 et
494 1749 577 1790 nunc
598 1726 711 1802 rideo,
730 1727 770 1788 itu
789 1726 848 1809 legi
871 1727 902 1788 in
921 1725 992 1788 cod.
1019 1726 1064 1790 15.
1077 1763 1109 1776 -
1129 1725 1200 1786 lllic
1218 1749 1276 1787 ae·

154 1829 240 1888 iures
261 1847 320 1886 uun
350 1823 428 1886 mele
455 1824 567 1912 corrig.
587 1821 739 1883 Brodueus
761 1820 893 1884 Miscell.
910 1821 996 1897 vll,
1015 1842 1045 1884 2.
1065 1820 1175 1903 probb.
1196 1821 1275 1881 liu-

155 1920 284 1995 denbn,
310 1920 411 1982 Nonio
432 1927 444 1992 (
456 1917 495 1978 de
516 1939 569 1978 esu
590 1917 716 1999 piscium
737 1938 763 1978 e.
786 1927 848 1990 2.),
869 1915 1019 1979 Schursll.
1040 1925 1071 1976 et
1094 1915 1276 1990 Pluthnero,

155 2017 299 2097 quonium
330 2037 391 2076 non
422 2013 492 2075 sutis
511 2023 652 2085 constet,
677 2011 807 2072 marinos
828 2012 923 2094 pisces
942 2013 979 2072 ab
1001 2009 1157 2092 Aegyptiis
1178 2011 1274 2072 cultus

156 2108 271 2182 luisse,
301 2118 397 2169 etex
432 2108 566 2188 ipsorum
601 2106 700 2188 potius
730 2105 877 2186 religione
904 2104 1074 2166 tuncnihil
1094 2102 1220 2185 dignum
1243 2103 1274 2164 in

157 2204 235 2264 muri
264 2205 345 2284 gigni
374 2223 460 2284 posse
491 2201 631 2264 docuerit
661 2201 745 2263 Pluto
773 2212 804 2262 et
822 2223 860 2262 ex
879 2223 916 2264 eo
935 2203 1054 2264 Pierius
1083 2201 1274 2285 hieroglyph.

156 2297 209 2358 lib.
231 2298 337 2360 xxx1
360 2319 408 2380 pr.
426 2298 510 2372 Eelis
530 2306 659 2370 contra,
689 2317 766 2379 quoe
786 2297 912 2358 Grseuis
943 2297 1055 2360 dicitur
1082 2292 1198 2370 allevem
1220 2307 1275 2370 (et

157 2392 231 2456 hinc
264 2415 385 2476 quoque
419 2393 540 2454 aelurus
572 2389 651 2453 Gell.
672 2392 752 2465 XX,
773 2393 804 2455 6.
824 2400 857 2452 et
876 2391 990 2474 Hygin.
1010 2393 1131 2454 Astron.
1151 2392 1202 2468 ΙΙ,
1222 2393 1273 2455 28.

157 2488 210 2548 ubi
238 2509 267 2550 v.
293 2487 491 2562 Mencken),
528 2485 651 2548 Bubasti
681 2487 901 2568 Aegyptiorum
928 2509 952 2551 s.
979 2488 1084 2548 Lunae
1108 2507 1193 2548 suere
1213 2487 1274 2550 fuit

157 2581 281 2665 eiusque
299 2583 368 2644 sira
389 2582 544 2664 quaedum,
558 2581 667 2662 imugo.
696 2603 724 2644 v.
736 2579 884 2645 Herodot.
905 2581 956 2658 ΙΙ,
976 2582 1027 2644 66.
1047 2581 1097 2660 67.
1117 2581 1230 2643 Athen.
1251 2583 1272 2644 Ι.

159 2677 181 2738 Ι.
210 2679 241 2738 iu
275 2680 395 2743 Comm.
425 2677 463 2739 nd
494 2699 522 2738 v.
547 2677 663 2738 r.Plut.
683 2675 722 2737 de
743 2677 781 2737 ls.
803 2687 833 2737 et
854 2679 934 2738 Osir.
956 2700 984 2760 p.
1005 2678 1075 2755 376.
1097 2677 1269 2738 Diodori.
1352 2729 1356 2734 .

156 2782 188 2834 et
207 2775 247 2833 ll.
268 2773 420 2834 iablonski
442 2771 550 2834 Parth.
578 2773 655 2851 Aeg.
675 2769 730 2833 ΙΙΙ.
743 2772 772 2833 3.
793 2773 820 2846 §.
841 2773 869 2834 3.
890 2791 953 2854 seq.
974 2793 1006 2853 p.
1025 2775 1075 2834 6ο.
1095 2781 1127 2834 et
1147 2773 1269 2855 66-71.

156 2868 317 2948 Vulgntnin
346 2889 419 2929 reru
448 2866 610 2928 lectionem
637 2875 762 2929 tuentur
783 2868 895 2949 Gruug.
917 2877 947 2928 et
965 2867 1078 2948 Sculig.
1097 2866 1135 2928 ud
1155 2867 1269 2929 Tibull.

157 2963 193 3036 l,
217 2987 258 3046 7,
284 2968 326 3038 14.
340 2973 370 3024 et
388 2963 487 3043 aptius
507 2962 563 3023 sibi
586 2961 613 3022 lr.
635 2961 657 3022 l.
675 2971 873 3044 opponuntur
883 2965 982 3044 pisces
998 2964 1129 3023 caerulei
1142 2985 1164 3023 s.
1180 2965 1271 3022 muris

158 3067 191 3118 et
221 3061 367 3125 fluminis.
401 3058 519 3120 Vellem
550 3069 650 3120 tumen
672 3057 799 3118 eliorum
831 3057 1012 3138 scriptorum
1046 3056 1120 3118 locis
1144 3057 1271 3140 prubnri

157 3163 281 3236 posset,
301 3154 417 3216 cultum
438 3153 565 3236 piscium
585 3151 771 3214 murinorum
793 3152 950 3236 Aegyptiis
970 3151 1003 3211 in
1024 3171 1079 3213 usu
1100 3153 1203 3214 fuisse.

600 3346 814 3409 Excvnsvs
856 3359 859 3366 '

561 3498 612 3559 Au
626 3495 697 3558 Sir.
713 3493 781 3571 XV,
806 3519 856 3578 ²7·

198 3628 318 3689 Nomen
339 3627 472 3692 consulis
492 3629 573 3691 rurie
592 3627 623 3689 h.
637 3627 660 3689 l.
681 3627 826 3690 exhibent
845 3627 965 3690 codices
984 3637 1045 3690 mm
1058 3627 1162 3710 scripti
1183 3647 1275 3709 quum

158 3723 242 3784 editi.
273 3726 362 3784 Iunio
397 3729 426 3789 8.
448 3743 476 3804 9.
503 3747 548 3786 rr.
574 3727 618 3800 ¹4·
655 3744 773 3805 17-20.
799 3726 855 3786 23..
881 3743 929 3802 70.
950 3726 999 3808 75.
1030 3729 1078 3802 76.
1103 3741 1153 3804 77.
1172 3725 1224 3787 82.
1244 3733 1276 3784 et

159 3815 253 3876 Xl'll
273 3819 367 3879 MSS.
389 3819 480 3880 Puris.
505 3820 610 3893 Recte,
628 3820 746 3901 opinor.
759 3827 801 3891 (v.
816 3817 950 3896 Cumm.)
963 3839 1074 3879 numen
1094 3825 1275 3898 corruptum

160 3912 281 3974 videtur
300 3915 339 3974 ub
359 3915 507 3996 imperitis
529 3914 680 3989 librariis,
701 3915 754 3996 qui
773 3914 935 3996 petuleum,
953 3915 1042 3975 metri
1063 3913 1144 3995 leges
1165 3913 1277 3994 prohi-

160 4007 251 4082 bere,
277 4029 339 4090 quo
361 4008 459 4070 minus
478 4019 658 4072 servaretur.
689 4009 748 4070 Sed
780 4011 869 4071 lunio
890 4017 1060 4092 instituitur
1083 4029 1142 4070 ναι
1162 4017 1224 4080 est,
1248 4017 1279 4068 et

159 4101 312 4163 eiusmodi
332 4118 461 4178 συνιζησις
484 4105 590 4184 passim
603 4103 699 4164 olivis.
723 4103 776 4164 Sic
796 4102 877 4183 upud
896 4101 1002 4163 Silium
1024 4109 1079 4174 (ut
1092 4122 1130 4162 ex
1143 4101 1200 4162 lroc
1213 4101 1278 4162 solu

160 4196 299 4278 exemplu
321 4205 445 4278 petum)
467 4197 549 4258 Pelio
570 4197 682 4258 dicitur
695 4197 754 4270 ΙΙΙ,
769 4197 840 4275 495.
854 4201 954 4257 tenuia
968 4205 999 4257 et
1020 4199 1113 4256 temris
1135 4195 1196 4271 tv,
1215 4198 1280 4277 ¹47·

159 4287 224 4363 Vl,
249 4293 453 4369 19.1semiusta
476 4291 531 4367 ΙΙΙ,
550 4293 595 4354 ι6.
617 4293 840 4354 semiambustus
860 4291 911 4367 ll,
925 4291 996 4354 681.
1015 4291 1200 4378 semianimis
1216 4290 1277 4364 IX,

96 4471 102 4484 Ι
165 4384 231 4448 123.
250 4385 416 4451 semiermis
434 4385 494 4450 llll
504 4429 515 4468 ,
534 4392 602 4468 467.
626 4409 724 4472 genua
745 4387 872 4472 1,·529.
889 4386 1022 4471 proinde
1043 4386 1092 4448 ll:
1108 4383 1176 4450 353.
1196 4386 1279 4448 alveo
