3108 5494
531 407 682 471 strrna
717 405 801 500 nr.¹
880 455 884 464 ,
1093 465 1096 472 ,
1153 379 1221 510 49⁴

89 608 425 690 Fermentum'tibi
444 607 564 684 habe:
585 602 777 715 praestare
797 601 947 684 t'ribun'
958 608 1115 692 clientes
1137 619 1140 624 '

91 731 275 831 Cogimur
294 744 333 802 et
350 720 461 800 cultis
482 751 621 828 augere
642 724 792 830 peculia
810 729 936 802 servis.

91 846 181 940 Quis
201 847 314 919 timet
329 860 396 918 eut
409 844 536 916 timuit
553 839 677 943 gelida
696 843 899 918 Praeneste
921 844 1086 934 ruinam,
1170 879 1219 928 490

90 961 165 1035 Aut
184 963 322 1065 positis
339 983 540 1033 nemorosa
557 960 657 1032 inter
676 959 763 1059 iuga
780 957 959 1034 Volsiniis
977 977 1043 1035 aut
1074 983 1077 994 ·

90 1076 334 1182 simplicibus
352 1077 479 1152 Gabiis
497 1092 562 1150 aut
578 1077 692 1180 proni
712 1073 863 1150 Tiburis
880 1077 996 1152 arce?

91 1194 165 1270 Nos
184 1192 327 1268 urbem
345 1190 502 1294 colimus
520 1193 626 1266 tenui
645 1191 799 1266 tibicine
816 1185 951 1266 fultam
1034 1189 1036 1198 ’

93 1311 231 1411 Magna
250 1326 362 1414 parte
378 1302 457 1383 sni:
483 1333 571 1382 nam
589 1310 642 1383 sic
657 1305 874 1382 labentibus
893 1308 1018 1385 obstat

94 1423 279 1518 Villicus,
298 1443 337 1502 et
355 1426 492 1504 veteris
511 1428 627 1498 rimae
646 1451 766 1528 quum
782 1425 876 1500 texit
893 1424 1060 1515 hiatum,
1174 1450 1221 1510 us

95 1543 259 1620 Securos
279 1543 472 1648 pendente
492 1539 597 1615 iubet
613 1538 779 1617 dormire
800 1545 921 1617 ruina.

96 1659 314 1736 Vivendum
331 1657 508 1750 estillic,
527 1657 594 1732 ubi
613 1655 721 1731 nulla
740 1658 936 1752 incendia,
954 1655 1052 1733 nulli

98 1777 214 1851 Nocte
238 1792 373 1850 metus.
399 1775 477 1848 Iam
496 1773 619 1877 poscit
635 1800 770 1878 aquam
780 1832 793 1868 ,
807 1773 880 1849 iam
899 1771 1035 1852 frivola
1046 1771 1225 1870 transfert

99 1891 296 1994 Vcalegon
306 1919 317 1982 ;
337 1889 506 1965 tabulatu
527 1889 595 1963 tibi
613 1891 686 1963 iam
704 1893 817 1965 tertia
834 1889 1004 1965 fumant:

17 1999 18 2008 ἵ
101 2009 156 2081 Tu
173 2009 312 2082 nescis.
340 2006 434 2080 Nam
454 2005 484 2082 si
505 2003 683 2108 gradibus
704 2004 918 2110 trepidatur
937 2005 985 2080 ab
1003 2003 1104 2100 imiS,
1174 2043 1225 2092 200

103 2121 264 2198 Vltimus
284 2120 455 2214 ardebit,
476 2146 591 2224 quem
609 2116 735 2222 tegula
754 2117 833 2197 sola
851 2119 981 2194 t‘uetur

104 2237 133 2310 A
148 2235 302 2342 pluvia,
321 2233 453 2330 molles
470 2235 537 2310 ubi
556 2231 725 2311 reddunt
742 2262 812 2313 ova
831 2231 1040 2310 columbae.

111 2517 219 2572 Xcodd.
235 2515 317 2572 Paris.
333 2517 392 2569 libis
408 2515 537 2568 venedibm
558 2513 601 2581 (h.
616 2532 639 2566 e.
690 2521 717 2566 et
739 2512 918 2567 existimarunt
939 2514 973 2566 E.
999 2508 1084 2564 veles.
1109 2507 1219 2582 aliique,

114 2620 179 2672 qnae
199 2620 215 2654 a
232 2601 311 2654 servis
330 2599 494 2662 venduntur,
510 2596 640 2668 peculium
690 2597 767 2651 etiam
778 2599 852 2650 Hein.
870 2597 913 2667 qtri
929 2606 1017 2651 tamen
1034 2593 1090 2648 aliis
1102 2593 1163 2649 loeis
1172 2594 1222 2648 tali

112 2687 172 2740 inde
187 2685 236 2740 sibi
250 2684 449 2756 comparaturis)
466 2689 560 2736 9-47.
576 2687 641 2734 49-
691 2681 813 2736 orationis
833 2683 919 2735 forma
939 2699 992 2734 non
1016 2679 1163 2734 offenditur.
1187 2681 1225 2733 Ex

111 2776 151 2824 27.
166 2775 275 2826 46-50.
297 2775 406 2824 64-74.
424 2775 465 2821 77.
480 2768 537 2819 ntis
554 2769 641 2838 geniu-
691 2766 764 2821 codd-
784 2769 864 2827 Paris.
888 2765 954 2821 nibil
973 2775 1093 2820 notatum
1114 2771 1169 2820 εἰει
1194 2765 1227 2820 eb
1257 2779 1261 2786 ’

112 2856 169 2908 libna
184 2858 232 2922 (nt
247 2861 273 2920 4,
290 2861 332 2908 66.
348 2863 372 2906 et
393 2857 433 2915 40,
449 2855 526 2920 324.)
544 2856 585 2904 76.
600 2855 640 2903 76.
692 2849 757 2903 Aah.
774 2848 884 2902 mireris.

114 2941 151 2991 tt.
163 2937 217 2990 lion
231 2935 316 2988 male!
335 2931 547 2986 Sedillndservis
560 2931 643 3000 aptius
728 2940 785 2988 496.
803 2933 905 2988 Qum
925 2937 968 2988 27.
988 2937 1030 2988 47.
1055 2938 1097 2988 tt.
1123 2938 1164 2988 67.
1186 2936 1227 2986 69.

114 3019 221 3088 ridetur,
238 3029 270 3073 et
286 3021 431 3072 communis
451 3017 505 3069 sere
523 3015 642 3070 omnium
693 3022 735 3074 60.
750 3017 1229 3087 65.-dnrmireinbetpendentendm

114 3103 233 3160 librorum
259 3103 337 3157 lectio
356 3115 409 3166 est,
430 3119 510 3173 quam
533 3099 644 3153 librariis
694 3111 735 3156 44.
752 3105 852 3156 44244
1232 3109 1235 3120 ’

16 3205 18 3248 t
114 3191 193 3244 deberi
205 3191 251 3244 vix
263 3188 428 3243 crediderim.
444 3215 478 3228 -
494 3185 557 3238 illud
579 3189 652 3238 40-“
708 3183 786 3238 ’497
803 3185 881 3238 nube
902 3185 1035 3248 lucardis,
1057 3182 1129 3235 milti
1146 3179 1231 3236 Nocte

16 3281 17 3348 ξ
117 3279 276 3345 47.49-26.
291 3276 453 3328 2746-47.
467 3277 510 3324 49.
525 3273 565 3324 50.
579 3271 645 3323 ⁵4·-
693 3279 770 3318 metus
791 3285 845 3319 non
868 3262 936 3317 mele
957 3261 1060 3319 entend.
1086 3259 1229 3327 Schrader,

16 3379 17 3382 ¹
116 3363 151 3412 58.
168 3364 263 3413 6664.
280 3363 323 3411 64.
337 3355 553 3410 65-67.74.64.
648 3373 652 3385 ·
694 3358 724 3404 nt
737 3349 769 3402 de
783 3351 864 3402 Roma
876 3345 1065 3412 sermosit,ad
1080 3363 1159 3416 quam
1175 3353 1237 3400 ver-¹
1273 3363 1277 3374 ·

145 3445 199 3496 tta.
212 3451 343 3512 praestant
363 3445 403 3492 40.
421 3442 529 3490 42-44.
543 3442 582 3490 47.
603 3439 644 3488 49.
695 3433 728 3486 ba
741 3443 765 3485 et
777 3431 909 3502 praeeedd.
927 3443 953 3485 et
967 3447 1037 3499 seqq.
1050 3431 1229 3500 spectantlie·

16 3531 17 3582 J
116 3529 218 3580 24-26.
231 3531 402 3580 2745-48.
417 3527 509 3577 sust.
523 3525 563 3576 55.
579 3527 645 3574 67-
695 3517 811 3588 sugatur
829 3516 904 3568 Heln.
930 3511 976 3586 qui
1000 3512 1063 3565 baec
1081 3509 1229 3566 adnotavit:

116 3605 154 3663 67.
174 3615 216 3664 72.
236 3615 282 3662 72.
297 3617 324 3660 et
338 3606 421 3678 ¹codd.
444 3605 524 3658 Paris.
543 3613 645 3657 tanturn
696 3599 834 3670 “Vulgata
853 3596 941 3650 multis
958 3593 1106 3649 nominibus
1127 3595 1228 3666 praese-

16 3693 17 3718 *
117 3709 164 3742 non
182 3707 292 3754 omnen
311 3687 380 3740 unde
403 3687 452 3739 boc
472 3685 565 3756 recepit
582 3683 646 3738 Acir.
697 3681 785 3734 rende.
802 3680 870 3733 Dicit
883 3679 1049 3741 Vmbricius,
1068 3676 1238 3730 dtmieittum‘

119 3787 284 3844 prmntque
301 3777 332 3824 2³
355 3789 369 3824 e
391 3789 427 3824 m.
452 3787 502 3824 sec.
524 3781 548 3821 et
570 3786 644 3837 prae·
697 3763 874 3834 quaerendum
888 3779 958 3827 esse,
971 3758 1099 3814 ubinulla
1112 3759 1231 3812 incendia

119 3869 178 3909 stant
194 3863 235 3912 45.
698 3845 853 3911 metuenda,
864 3843 935 3898 nulla
951 3841 1064 3915 pericula
1078 3842 1232 3897 asenniam

150 3944 291 4012 49244246Ι
305 3939 406 3992 Tiburis
424 3943 465 3990 46.
699 3928 873 3982 adiiciendum
893 3938 962 3980 eret:
988 3925 1030 3982 hic
1052 3931 1150 3981 Rornae
1172 3925 1233 3980 talia

152 4031 206 4079 493.
219 4027 354 4078 inculinus
367 4029 409 4078 27.
434 4012 436 4020 ’
698 4031 800 4083 semper
822 4009 980 4079 metuend23
1004 4011 1048 4064 ted
1083 4029 1113 4064 ea
1136 4009 1243 4064 omittit*

152 4115 205 4164 495.
218 4127 276 4160 cum
291 4113 353 4159 texit
363 4125 393 4158 ex
409 4109 448 4157 44.
465 4111 506 4158 47.
519 4100 552 4155 ad
565 4117 649 4172 marg.
700 4101 784 4169 poeta,
797 4096 841 4166 qui
855 4093 1096 4162 brevissumme,
1108 4103 1134 4148 et
1147 4091 1233 4146 statim

125 4195 206 4248 24722.
224 4199 269 4247 27.
290 4197 331 4246 45.
354 4197 394 4244 49.
411 4208 481 4242 nunc
497 4187 584 4257 recepi
603 4205 650 4257 pro
700 4181 800 4254 pergit:
819 4179 877 4231 lam
893 4182 973 4247 poscit
989 4195 1079 4248 nquam
1092 4189 1150 4243 etc,
1163 4173 1244 4246 quati*

127 4275 190 4348 vulg.
202 4279 310 4330 nomed
319 4316 327 4341 ,
348 4274 407 4344 quia
425 4273 504 4326 sicet
523 4271 604 4325 oratio
625 4279 651 4322 et
700 4285 761 4322 cum
775 4265 888 4319 maxime
899 4261 1049 4316 incendium
1066 4261 1203 4327 videret„

130 4364 279 4418 munnam
288 4359 445 4414 concinnior.
458 4361 495 4412 Ita
509 4353 650 4427 legendum
736 4357 793 4404 498.
807 4367 883 4420 aquas
898 4351 940 4400 24.

131 4449 210 4518 etipse
221 4447 277 4501 inm
296 4443 397 4498 dudum
415 4441 554 4514 suspicatus
574 4457 650 4505 tum,
734 4437 792 4488 292.
806 4434 896 4502 pluviis
910 4434 951 4485 24.

219 4543 300 4618 Ivv.
326 4541 354 4614 1.
1102 4525 1135 4598 D
