3120 5494
345 395 438 489 388
839 321 985 488 Ροιιειι.

341 632 425 706 Huc
443 629 594 734 aliquis!
613 629 762 704 nemon’
776 629 833 700 ln
860 629 1062 730 Turgesc'rt
1080 630 1197 704 vitrea
1213 626 1320 722 bilis',

339 751 371 826 F
370 747 537 823 inditur:
556 745 737 821 Arcadiae
756 747 934 850 pecuaria
953 742 1093 818 rudere
1113 745 1254 822 credas.

389 867 467 938 Iam
487 863 585 936 liber
603 881 641 936 et
659 860 807 936 bicolor
827 862 956 964 positis
978 859 1194 934 membrana
1214 861 1367 966 capillis,
1413 902 1437 950 ω

339 983 461 1083 Inque
480 998 611 1053 manus
631 978 782 1051 chartae
799 974 1021 1079 nodosaque
1043 977 1146 1048 venit
1164 976 1323 1052 arundo.

339 1099 449 1172 Tunc
470 1096 645 1194 queritur
663 1118 808 1166 crassus
827 1089 971 1164 calamo
990 1089 1098 1194 quod
1113 1071 1278 1200 pendeat
1293 1095 1436 1188 humor,

340 1329 400 1364 rum
426 1309 542 1364 studium
567 1308 758 1361 ostentandam.
792 1309 875 1360 Tanta
959 1311 984 1359 9.
1001 1306 1128 1360 l‘lrrdr‘tur.
1149 1310 1244 1372 Iratus,
1262 1307 1329 1378 quud
1354 1308 1433 1362 serrnli

341 1395 413 1448 enim
428 1393 603 1464 philosophiae
611 1393 745 1446 doctorum
756 1391 876 1463 frequen·
925 1405 978 1442 non
994 1389 1080 1442 statim
1094 1391 1243 1458 adcurrunt,
1253 1391 1373 1464 simulque
1380 1411 1434 1442 scm·

341 1478 378 1530 tia
391 1487 462 1541 erat,
476 1487 505 1530 ut
518 1475 598 1546 vulgo
607 1484 773 1544 usurparetur
784 1495 792 1525 .·
803 1473 871 1526 Scir·
925 1471 1047 1529 nolentus
1064 1485 1154 1543 aperto
1172 1476 1239 1526 rictu
1262 1483 1287 1526 et
1313 1475 1393 1527 oscitat
1414 1488 1433 1529 et

341 1559 428 1614 dorda
443 1577 479 1620 τις
496 1560 521 1613 is
539 1559 617 1630 πλοίῳ
636 1558 718 1611 πεσὼν
736 1554 874 1626 διαμάρτοι
924 1555 1026 1608 clamat.
1041 1557 1174 1608 Arcadiae
1183 1559 1297 1626 pecuaria
1309 1560 1386 1611 rudere
1395 1578 1434 1610 cre·

341 1645 436 1712 ξύλου,
451 1643 466 1702 ἢ
482 1640 546 1696 ἔνθα
564 1642 594 1695 ἂν
615 1639 695 1718 ἀπίδῃ
711 1638 726 1695 o‘
744 1639 875 1712 ὀφθαλμός
923 1639 977 1692 das.
989 1641 1117 1692 Arcadiae
1127 1645 1245 1710 ροσιιονίο
1257 1659 1315 1710 pros
1325 1643 1433 1693 asinonrur

341 1730 468 1799 ἀπορήσει
486 1727 620 1800 φιλοσόφου
638 1727 744 1779 Lucian.
767 1723 807 1776 Bis
823 1725 874 1776 lle·
904 1721 906 1733 ’
923 1743 1022 1794 greges.
1041 1726 1138 1778 Auson.
1159 1713 1368 1796 epigr-,lxxvi
1381 1727 1432 1796 Apta

341 1831 394 1866 cus.
411 1817 444 1866 T.
456 1816 488 1865 11.
497 1833 522 1882 p.
532 1817 590 1867 798.
602 1810 642 1864 ed.
651 1811 722 1863 ttets.
735 1809 769 1862 cf.
778 1809 873 1863 Graes.
922 1807 1092 1860 similitudine
1111 1827 1190 1861 sunrss
1210 1807 1269 1874 ille,
1281 1827 1356 1880 quesn
1371 1809 1433 1862 iratus

343 1895 375 1954 sd
390 1897 442 1949 Cic.
456 1913 503 1968 pro
514 1893 614 1964 Milone
631 1913 654 1946 c.
669 1891 873 1961 t0.Quinetiant
923 1899 949 1944 et
965 1889 1144 1946 somnolentus
1162 1891 1240 1946 edere
1259 1893 1335 1962 solet,
1354 1913 1431 1965 expres·

340 1998 374 2031 ex
387 1977 419 2031 iis
434 1979 515 2036 servis
520 2017 530 2041 ,
552 1977 596 2053 qui
613 1979 697 2048 pueris
711 1978 815 2028 comites
828 1974 872 2028 da·
923 1991 965 2026 sus
979 1981 1023 2024 est

341 2059 452 2122 bantur,
472 2077 606 2110 nonnemo
626 2066 725 2126 poterat
740 2074 810 2124 esse,
829 2055 873 2124 qui
958 2059 1066 2108 tu-ts.
1080 2056 1203 2109 Tandem
1221 2057 1351 2128 aliquando
1362 2057 1431 2112 stutrts

340 2157 417 2207 supra
430 2137 550 2189 seruilem
565 2136 742 2189 conditionem
759 2145 873 2206 saperet,
922 2155 949 2189 se
962 2138 1086 2209 addimit,
1104 2138 1274 2212 animumque
1292 2139 1430 2194 suamabiis

340 2219 500 2292 philosophia
517 2216 688 2288 omnibusque
702 2219 799 2272 artibus
811 2217 872 2272 libe·
923 2223 1043 2271 aversum
1065 2219 1138 2273 vanis
1162 2223 1359 2276 excusationibus
1377 2225 1430 2291 capit

340 2304 437 2358 ratibus
463 2307 617 2371 instructus,
639 2307 711 2356 cuius
736 2323 872 2375 personam
923 2302 1085 2357 dissimilare.

301 2409 306 2420 ’
339 2389 454 2443 induisse
471 2390 566 2442 Noster
589 2407 691 2460 qunque
717 2399 798 2460 potest
822 2391 873 2442 esi·
958 2393 997 2440 40.
1014 2389 1108 2441 bicolor
1123 2392 1275 2443 ntenebrnna.
1289 2393 1345 2443 Erat
1355 2407 1429 2459 nempe

341 2473 451 2533 stimari.
464 2475 512 2527 Hic
529 2473 624 2544 igitur,
638 2474 752 2542 quisquis
766 2472 810 2526 ille
823 2473 871 2537 sit,
922 2471 1072 2524 membrana
1090 2473 1122 2525 ab
1143 2473 1225 2526 altera
1245 2485 1314 2544 parte
1331 2473 1394 2538 alba,
1407 2473 1430 2524 ab

341 2559 382 2611 cui
402 2559 496 2610 Noster
511 2575 569 2608 suas
582 2566 666 2625 partes
685 2555 819 2609 tradidisse
834 2559 869 2610 vi·
922 2553 1016 2618 altera,
1033 2559 1059 2608 in
1078 2577 1126 2626 qua
1141 2557 1187 2627 pili
1206 2561 1265 2629 (pro
1278 2560 1363 2628 quibus
1375 2559 1434 2628 cupil-

340 2639 433 2703 detur,
452 2643 478 2692 in
503 2639 594 2710 primis
617 2650 729 2718 quatuor
757 2639 872 2692 versibus
921 2639 959 2689 los
976 2641 1081 2691 abusive
1095 2641 1201 2710 scripsit
1214 2643 1306 2694 Noster
1313 2641 1435 2705 ,cuiusn-

339 2741 426 2776 secum
447 2721 570 2799 loquens,
586 2720 677 2774 inillis
699 2719 872 2800 duobus,qul
920 2724 1071 2792 τοιχρήσεως
1098 2723 1179 2776 multa
1211 2723 1322 2795 exempla
1347 2723 1432 2795 protulit

238 2863 244 2876 ,
339 2816 491 2878 sequuntur,
504 2807 626 2858 iuvenem
640 2805 723 2875 ipsum
735 2808 871 2874 increpans
921 2809 1003 2859 Drak.
1017 2807 1048 2858 ad
1062 2807 1119 2861 [riv.
1137 2810 1168 2860 T.
1179 2809 1228 2861 tv.
1245 2829 1300 2880 pag.
1315 2812 1378 2874 597.)
1394 2807 1435 2858 lue·

339 2891 480 2944 inducitur.
501 2888 531 2944 V
531 2896 650 2946 emmae?
673 2895 765 2944 itane?
786 2893 872 2945 Verba
921 2900 994 2956 rant,
1022 2909 1118 2944 crocea.
1136 2891 1326 2960 Iuvenalvll,
1345 2899 1372 2946 23
1391 2910 1433 2962 seq.

338 2975 508 3046 expergefacti
529 2985 553 3027 et
571 2975 670 3028 tamdiu
682 2976 806 3028 dormisse
817 2997 870 3029 mc=
920 2973 1011 3025 Ibide
1033 2973 1178 3028 membrana
1205 2978 1307 3046 Ruperti
1328 2976 1433 3046 copiosius

339 3059 402 3112 leste
424 3080 451 3112 se
474 3060 542 3112 serre
558 3059 704 3114 similantis.
722 3065 789 3114 ocius
805 3063 871 3116 adsit
921 3055 1049 3109 ditttfflll·

338 3151 388 3194 eet.
408 3141 502 3194 Divitis
523 3154 549 3196 et
569 3141 662 3196 nobilis
683 3161 768 3196 mores
789 3147 870 3214 expri-
958 3151 998 3194 st.
1016 3143 1131 3210 clarere,
1144 3153 1174 3196 ut
1194 3145 1225 3196 in
1245 3145 1275 3198 iis
1294 3144 1433 3198 scitieerms-

339 3234 464 3288 suuntur,
486 3225 558 3278 cuius
578 3235 670 3277 nutum
690 3224 777 3294 plures
803 3230 872 3284 servi
922 3223 995 3296 gistri
1013 3224 1104 3278 dictata
1125 3227 1267 3297 exciperet,
1282 3248 1344 3298 quae
1359 3225 1435 3281 deiude

339 3318 490 3377 exspectant.
517 3311 604 3361 Horat.
628 3309 712 3362 Serm.
726 3311 764 3375 ll,
790 3319 814 3365 7.
838 3318 871 3365 34
921 3307 949 3360 in
963 3307 1113 3360 membrana
1123 3310 1213 3362 maiori
1225 3311 1433 3364 curadescriberet.

338 3409 393 3462 seq.
407 3389 493 3444 Simul
502 3389 605 3445 videtur
616 3393 738 3461 temporis
750 3394 870 3448 matutini
921 3393 1017 3444 Forsan
1028 3391 1136 3443 omnino
1150 3403 1255 3445 tantum
1271 3393 1390 3447 scribendi
1400 3391 1429 3444 in·

339 3475 483 3538 iacturam,
505 3493 584 3543 quam
604 3475 682 3539 fecit,
701 3475 830 3530 celeritate
843 3479 871 3531 in
922 3485 1066 3528 strumenta
1084 3475 1241 3530 indicantur.
1266 3480 1327 3530 Cera
1346 3489 1369 3530 et
1379 3473 1433 3544 stylo

339 3557 452 3628 negotiis
468 3557 628 3622 adhibenda,
644 3557 710 3616 velle
721 3562 869 3616 emendare.
921 3557 1027 3610 sortasse
1044 3567 1097 3610 nott
1114 3559 1196 3611 utitur
1223 3558 1266 3612 ille
1290 3556 1433 3620 delicatulus,

373 3649 398 3698 8.
417 3645 548 3718 Turgescit
561 3652 640 3702 vitrea
651 3648 714 3700 bilis.
725 3639 869 3704 Praeclare!
921 3661 954 3694 ne
967 3645 1098 3696 infirmam
1115 3643 1251 3697 oculorum
1270 3649 1346 3698 aciem
1359 3641 1432 3696 laedat.

339 3730 405 3782 Nam
420 3749 434 3782 e
447 3751 539 3785 somno
553 3733 579 3784 in
598 3732 713 3814 mediupp
730 3733 799 3786 diem
814 3755 870 3804 pm.
921 3754 956 3766 ·-
969 3727 1110 3796 rrodoanue
1126 3729 1240 3792 nruuclo,
1260 3727 1366 3781 calamus
1386 3724 1433 3777 scri·

338 3823 421 3866 tracto
438 3823 477 3866 est
495 3815 701 3884 expergefactus,
718 3834 799 3886 eoque
817 3836 873 3886 pro.
921 3811 1016 3877 pturius
1040 3807 1129 3885 multis
1159 3811 1286 3880 geniculis
1308 3811 1431 3863 distinctus.

339 3891 430 3949 cliviae
450 3893 527 3947 debet
547 3913 600 3947 esse
620 3895 652 3947 ad
678 3899 752 3948 iram.
777 3901 870 3963 vitrea,
921 3889 1018 3944 calami
1040 3891 1161 3962 Aegyptii
1182 3897 1294 3948 maxime
1313 3891 1433 3964 probaban-

338 3983 443 4042 propter
457 3993 459 4002 ·
472 3973 648 4044 splendorem.
679 3976 755 4046 Apud
781 3981 869 4033 Horat.
921 3984 971 4026 tur.

340 4057 406 4122 (Sat.
423 4059 463 4122 11,
486 4063 511 4110 3.
539 4061 615 4126 tlt.)
638 4071 675 4112 est
695 4059 870 4136 splertdr'da.et
957 4063 995 4111 ⁴2.
1014 4059 1085 4113 Tunc
1101 4065 1208 4132 pruritur
1220 4074 1268 4117 cet.
1281 4065 1319 4115 En
1331 4059 1433 4114 delicata·

338 4136 374 4188 sic
390 4138 456 4206 apud
479 4138 592 4191 eundem
618 4142 729 4207 (salt,
750 4148 775 4194 3.
793 4147 868 4211 222.)
920 4141 1006 4197 lorum
1028 4165 1113 4199 mores
1136 4147 1330 4202 adccmrnodate
1349 4143 1431 4198 descri-

339 4221 418 4272 vitrea
436 4221 515 4290 fama
540 4237 602 4290 pro:
626 4221 772 4292 splendida,
799 4245 868 4293 non,
919 4238 983 4298 ptos.
998 4227 1097 4281 Nolunt
1110 4241 1213 4299 propter
1226 4232 1350 4304 ignaviam
1363 4225 1428 4279 literis

339 4299 434 4371 l'ragiti.
444 4305 566 4356 Celerum
578 4305 657 4358 verba
670 4303 732 4362 hacc
743 4325 798 4362 uon
813 4327 868 4364 mo·
919 4331 1022 4381 opernm
1040 4313 1118 4377 dare,
1139 4315 1209 4369 cuius
1226 4327 1311 4370 autem
1333 4311 1434 4384 ignaviae

340 4383 431 4446 ullorlt
441 4395 516 4452 sunl,
532 4387 577 4443 sed
591 4392 695 4458 politae,
922 4413 1002 4471 rpuum
1024 4395 1090 4464 ipsos
1110 4399 1217 4468 pudeat,
1239 4397 1337 4470 culpam
1345 4436 1353 4461 ,
1368 4410 1434 4466 quatu
