3108 5494
293 423 357 536 38

737 463 971 533 inventus
1077 527 1078 530 γ
1173 443 1177 456 ’

287 659 384 784 llam
400 669 494 782 quid
513 687 588 752 tam
606 671 805 770 miserum,
827 688 901 752 tam
923 668 1044 754 solum
1069 669 1253 772 vidimus,
1272 689 1412 760 utnon

287 791 464 872 Deterius
483 789 615 870 credas
634 790 793 872 horrere
813 793 1010 888 incendia,
1030 790 1158 902 lapsus

287 912 494 1008 Tantorum
513 910 699 1006 assiduos,
718 933 761 988 ac
780 909 882 990 mille
900 913 1070 1020 pericula
1090 937 1220 994 saevae

286 1031 425 1123 Vrbis,
442 1048 481 1104 et
497 1032 664 1134 Augusto
682 1033 881 1107 recitantes
902 1059 1028 1107 mense
1048 1043 1178 1137 poetas
1189 1038 1209 1108 2

287 1145 363 1220 Sed
382 1145 472 1220 dum
493 1163 570 1220 tota
591 1146 723 1222 domus
743 1147 834 1222 reda
855 1152 1098 1253 componitur
1116 1177 1215 1244 una,
1381 1183 1415 1240 40

287 1259 462 1338 Substitit
480 1262 528 1337 ad
548 1281 691 1341 veteres
711 1291 820 1338 arcus
840 1264 1104 1368 madidamque
1123 1268 1334 1372 Capenam

287 1377 381 1470 Hic,
407 1377 475 1452 ubi
495 1388 708 1454 nocturnae
727 1382 848 1456 Numa
868 1383 1121 1457 constituebat
1140 1386 1302 1458 amicae:

287 1495 323 1570 N
325 1520 399 1568 tino
418 1499 513 1571 sacri
531 1493 646 1573 fontis
668 1523 798 1572 nemus
819 1515 857 1572 et
876 1497 1037 1576 delubra
1056 1500 1234 1576 locantur

287 1611 458 1706 Iudaeis,
477 1639 641 1716 quorum
660 1617 849 1719 cophinus
869 1615 1102 1721 foenumque
1120 1620 1295 1725 supellex

290 1730 442 1830 (Omnis
461 1733 561 1804 enim
582 1730 726 1835 populo
746 1732 958 1808 mercedem
977 1735 1146 1839 pendere
1164 1739 1264 1813 iussa
1284 1754 1339 1812 est
1382 1741 1413 1789 ⁴⁵

288 1846 437 1938 Arbor,
457 1864 495 1922 et
512 1850 639 1922 eiectis
661 1845 851 1923 mendicat
869 1851 959 1930 silva
976 1854 1198 1955 Camenis):

287 1962 335 2036 In
354 1961 489 2038 vallem
507 1966 666 2066 Egeriae
686 1963 947 2042 descendimus
969 1985 1008 2042 et
1024 1969 1221 2074 speluncas

288 2079 493 2156 Dissimiles
512 2083 621 2159 veris.
648 2083 800 2176 Quanto
820 2090 1072 2189 praestantius
1091 2108 1185 2166 esset
1225 2091 1228 2098 ⁴

323 2261 348 2310 e.
368 2267 393 2308 a
406 2268 458 2309 um
473 2254 552 2310 sotim
565 2245 660 2311 asae.
676 2261 717 2311 ts.
732 2261 825 2313 esst.

207 2367 210 2372 ·
274 2346 401 2398 ts-ot
416 2349 527 2397 63-67.

326 2430 367 2480 tt.
381 2445 436 2478 cum
448 2445 495 2496 pro
508 2429 567 2478 dum
588 2431 700 2482 25-27.
716 2433 825 2482 46-48.

866 2247 868 2252 ,
914 2268 953 2317 16.
974 2261 1107 2318 Carmanis
1118 2263 1234 2318 scribunt
1247 2259 1306 2326 alii,
1325 2257 1413 2314 neseio

878 2363 972 2414 quare,
989 2365 1071 2421 quum
1084 2347 1155 2420 origo
1167 2348 1237 2401 voe-is
1248 2361 1353 2415 prorsus
1365 2363 1414 2396 nos

877 2426 955 2482 lateat
968 2441 994 2484 et
1002 2441 1090 2484 nostra
1101 2431 1226 2500 scriptura
1239 2430 1330 2482 maiori
1348 2427 1412 2480 nita·

250 2503 252 2509 Α
292 2514 334 2584 50.
362 2515 468 2563 tta-59.
492 2515 598 2563 ot-os.
620 2513 826 2564 74-74.—reda
877 2510 1415 2592 turauctoritutevett.librorum,quihus

294 2597 365 2648 recte
381 2593 504 2664 scriptum
526 2595 554 2647 lu
577 2593 733 2664 quibusdam
754 2595 826 2650 libris
877 2602 965 2647 tamen
985 2615 1076 2665 parum
1088 2597 1120 2650 in
1142 2595 1340 2649 his-fidendum
1360 2604 1413 2663 est,

292 2686 319 2729 et
341 2677 440 2747 scriptis
457 2688 483 2730 et
503 2677 594 2744 editis,
620 2689 648 2730 ut
674 2680 700 2731 in
724 2679 828 2749 optimis

290 2760 403 2834 aliorum
430 2760 582 2829 scriptorum
621 2762 825 2831 exemplaribus,

291 2843 364 2896 unde
385 2841 450 2896 illud
464 2863 512 2914 pro
526 2844 596 2918 vulg.
610 2845 689 2898 rheda
701 2846 827 2901 substitui.

290 2946 319 3000 y.
333 2928 439 2979 Comm.
657 2933 659 2936 ’

329 3015 370 3064 22,
383 3013 435 3064 Hic
441 3051 451 3077 ,
473 3015 513 3065 ubi
526 3026 644 3066 nocturna
661 3011 748 3068 hiena
765 3035 824 3068 con-

290 3097 405 3148 stertebat
418 3097 557 3166 amiroth.
567 3117 589 3149 e.
602 3098 662 3151 cum
677 3117 707 3150 ea
717 3099 830 3152 dormie-

290 3173 355 3247 hrt)
368 3181 435 3234 coiri.
449 3182 585 3235 Dorleans.
603 3183 662 3252 Ego
676 3181 760 3252 potius
771 3187 829 3237 vul·

290 3273 379 3336 gataur
408 3283 477 3316 nune
498 3265 597 3317 mutari
619 3263 828 3318 distinctionem:

293 3345 405 3399 diehstitit
427 3350 460 3400 ad
484 3361 576 3401 veteres
595 3363 666 3400 arcam
687 3367 721 3402 m.
745 3349 826 3418 Cape·

291 3450 369 3493 πωπω
382 3429 448 3498 Hic,
463 3431 503 3483 att
515 3449 541 3483 rt.
551 3427 589 3484 N.
596 3452 616 3482 c.
630 3435 734 3484 arnicne.
754 3430 830 3485 Nunc

291 3515 509 3584 sacri-supellex.
528 3514 618 3567 Orunis
635 3513 826 3568 euim—Came·

291 3592 339 3652 itte.
358 3597 392 3650 In
404 3599 500 3650 vallem
517 3607 565 3650 cet.
590 3597 657 3650 Nam
678 3595 749 3650 lucus
772 3597 828 3663 hic,

293 3681 339 3751 qui
350 3703 376 3737 v.
395 3687 425 3734 42
441 3701 496 3750 seq.
512 3679 682 3745 describitur,
698 3701 713 3734 a
727 3681 830 3752 Capena

288 3769 366 3838 porta
378 3767 539 3838 aliquantum
550 3767 652 3830 aberat,
664 3779 689 3820 et
700 3767 830 3839 iungenda

294 3847 374 3904 verba
387 3853 452 3919 Hic,
469 3851 509 3904 uti
526 3857 720 3904 rtocturrmc—in
737 3853 830 3904 vallem

294 3933 408 4004 Egeriae
428 3935 603 3988 descendimus.
634 3935 685 3986 Hic
701 3931 831 3994 δεικτικῶς

295 4015 395 4072 dictum
407 4028 433 4071 et
447 4029 519 4090 apte5
535 4019 589 4088 (hic
596 4059 606 4084 ,
621 4019 689 4087 ubi);
709 4017 758 4070 nisi
772 4035 830 4071 nar·

293 4102 362 4153 ratio
376 4102 443 4155 sorte
460 4099 539 4155 nimis
559 4103 665 4172 abrupta
684 4101 766 4154 videri
780 4120 827 4171 po-

294 4193 345 4236 test
358 4189 384 4236 el
398 4184 536 4256 legendum
551 4185 620 4239 Hinc
629 4183 755 4256 progressi
766 4185 830 4238 Vm-

294 4267 390 4321 bricius
403 4279 428 4322 et
442 4289 489 4340 ego
506 4273 533 4322 in
548 4269 644 4322 vallem
657 4269 769 4340 Egeriae
782 4268 827 4322 de-
878 4275 933 4318 tate
951 4264 1077 4336 gauderem
1104 4267 1175 4319 unde
1201 4267 1237 4321 ait
1261 4271 1358 4320 Seneca
1381 4263 1415 4317 ad
1501 4271 1507 4286 ⁴

877 4347 961 4400 Lucil.
985 4347 1094 4419 Cogita,
1115 4354 1185 4404 Dece
1191 4390 1201 4416 ,
1220 4369 1292 4422 qmrm
1312 4349 1417 4420 propitii

294 4352 446 4416 scandimus,
464 4355 504 4406 nbi
516 4367 648 4406 nocturnae
664 4363 711 4406 eet.

332 4439 372 4488 ts.
385 4436 480 4493 solvere
493 4439 555 4500 iussa
571 4447 609 4492 est
620 4440 663 4516 tt.
681 4441 724 4495 22.
737 4439 779 4495 24.
798 4451 829 4491 ex

296 4517 404 4596 interpr.

878 2679 938 2745 quia
951 2677 1125 2752 diphthongos
1138 2697 1191 2730 non
1205 2677 1362 2748 exprimunt.

915 2769 955 2815 47.
972 2777 1045 2832 atque
1061 2764 1190 2833 speliorcas
1208 2767 1251 2814 22.
1265 2771 1294 2814 ut
1308 2779 1410 2826 succur7

879 2854 952 2899 ratur
967 2847 1033 2898 sorte
1054 2857 1153 2913 metro,
1177 2843 1247 2916 quod
1270 2845 1305 2898 ita
1329 2845 1413 2917 potios

879 2921 988 2980 loborat.

914 3017 954 3065 48.
973 3011 1074 3081 Quanto
1097 3015 1248 3083 praesentius
1273 3024 1336 3065 esset
1352 3009 1417 3066 Nu-

880 3108 935 3143 men
949 3111 1026 3161 aquae
1043 3103 1129 3161 recte,
1149 3104 1228 3164 puto,
1250 3092 1357 3147 emend.
1382 3093 1415 3146 N.

880 3175 968 3229 Heius.
982 3176 1015 3229 ad
1029 3177 1109 3230 Ouid.
1123 3180 1186 3231 Met.
1199 3185 1239 3243 43,
1253 3184 1310 3233 757.
1326 3189 1352 3231 et
1362 3176 1415 3229 iam

880 3269 939 3312 ante
953 3278 1014 3313 eum
1033 3261 1133 3332 Grang.
1147 3261 1180 3314 ad
1195 3261 1220 3314 h.
1236 3259 1253 3315 l.
1269 3261 1313 3314 ubi
1326 3269 1417 3314 monet

880 3341 1058 3410 antiquitatem
1078 3342 1124 3395 sub
1144 3343 1231 3396 Numa
1253 3343 1315 3396 deos
1329 3341 1415 3396 credi·

880 3423 946 3476 disse
959 3431 1153 3494 praesentiores,
1168 3425 1195 3480 h.
1213 3444 1236 3479 e.
1253 3426 1337 3498 magis
1351 3445 1414 3497 pro·

879 3509 957 3580 pitics
964 3549 974 3574 ,
988 3529 1069 3580 quum
1085 3509 1150 3563 nihil
1164 3521 1256 3564 natura
1273 3529 1344 3581 passa
1355 3510 1419 3562 suisa

881 3605 919 3648 set
943 3594 975 3647 ah
996 3605 1058 3648 arte.
1079 3593 1219 3666 vulgatam
1243 3593 1302 3649 lect.
1323 3593 1417 3648 eodem

881 3697 958 3733 sensu
981 3681 1048 3750 cepit
1071 3679 1168 3734 Britan.
1193 3681 1265 3734 cuius
1291 3691 1352 3734 nota
1377 3687 1419 3733 est

880 3761 961 3816 haec:
983 3771 1004 3796 “
1011 3779 1102 3836 quatuo
1113 3765 1277 3835 praestantius
1287 3777 1347 3818 esset
1360 3764 1376 3815 i.
1392 3779 1418 3820 e.

881 3847 1046 3901 excellentius
1066 3859 1092 3901 et
1114 3849 1220 3920 proinde
1237 3848 1415 3920 praesentius,

882 3933 903 3983 si
929 3935 957 3984 in
980 3943 1071 3986 natura
1093 3952 1138 3986 sua
1156 3936 1292 3986 mansisset
1316 3941 1341 3984 et
1361 3949 1416 3984 non

880 4031 1012 4068 marmore
1022 4017 1190 4071 incrustatum
1203 4029 1280 4087 esset3
1292 4031 1323 4072 ut
1331 4028 1416 4070 osten·

882 4097 937 4164 dat,
954 4101 1022 4152 Deos
1038 4100 1114 4153 rebus
1134 4100 1254 4155 humanis
1275 4121 1330 4155 non
1343 4101 1397 4172 capi
1406 4138 1416 4165 ,

881 4183 926 4235 sed
938 4183 1005 4236 hona
1015 4185 1165 4254 sinceraque
1178 4185 1415 4240 hominumvolun·

880 4434 1206 4507 essent,fietileafin'sse.„
1224 4432 1417 4488 Cetenrmdeos

763 4534 767 4541 ·
821 4555 824 4560 ,
877 4519 1003 4596 propitior
1016 4537 1046 4576 rc
1058 4519 1176 4584 tarenos
1187 4517 1269 4600 peith
1279 4519 1332 4582 ‘liti
1344 4537 1418 4598 W
