3098 5498
421 838 476 929 D.
507 837 639 934 IVNII
666 838 946 934 IVVENALIS

351 1283 1034 1454 SAT'IRA'RVM

484 1597 634 1682 utnon
667 1597 902 1664 nunmvs.

513 1981 732 2059 stanit
769 1981 866 2082 vu.

565 2227 823 2283 tnovttEttTvM.

169 2397 247 2452 Artes
267 2407 292 2451 et
309 2395 392 2450 nudie
399 2395 519 2469 soomtur
536 2410 630 2450 tantm
652 2418 669 2450 a
687 2397 808 2460 Caesare,
833 2417 851 2450 a
872 2395 974 2466 reliquiis
989 2413 1051 2450 uera
1062 2397 1200 2467 proceriiro
1211 2403 1249 2453 ito

138 2491 343 2544 contemnentur,
356 2493 382 2532 ut
399 2483 450 2533 iam
463 2482 600 2540 doctissimi
613 2481 807 2548 celeberrimique
820 2481 867 2533 viri
877 2479 913 2529 ad
923 2478 1097 2548 viliaquaequc
1113 2482 1250 2534 ntt'niiteria
1288 2487 1291 2496 ¹

135 2574 281 2632 paupertate
295 2561 436 2633 adigantur.
451 2582 477 2614 v.
490 2567 582 2614 t-29.
599 2560 704 2614 Nobiles
715 2565 780 2612 enim
797 2561 929 2629 divitesque
940 2559 1047 2611 Romani
1066 2562 1152 2628 poiitas
1162 2563 1246 2613 admi·

134 2655 225 2693 raruur
247 2655 337 2693 toruum
359 2663 389 2694 ac
404 2643 522 2706 laudant,
539 2643 581 2693 vel
596 2649 694 2693 caimen
707 2642 754 2693 sibi
767 2641 874 2692 allatum
884 2643 992 2692 carmine
1007 2641 1142 2708 rependant
1155 2652 1179 2691 et
1194 2641 1247 2693 rui·

134 2741 211 2775 nosos
234 2723 332 2793 quidem
353 2726 508 2776 recitantibus
528 2724 617 2787 aedes,
629 2741 679 2774 non
691 2739 747 2773 aem
763 2723 878 2774 subsellia
894 2739 988 2790 qnoque
999 2709 1250 2790 aliasqueimpensas

133 2801 298 2870 stqrpetlitaut.
310 2807 417 2854 stt-tt.
430 2800 521 2857 Niitilo
533 2807 608 2855 secius
624 2804 696 2854 multi
711 2802 747 2852 ad
763 2820 842 2852 versus
851 2802 993 2874 faciendas
1006 2801 1104 2870 gloriae
1116 2802 1251 2869 cupiditate
1362 2763 1365 2769 Ι

134 2883 497 2952 impelliattur,q1aantonten
519 2901 602 2945 mens,
620 2886 668 2934 nisi
684 2901 768 2952 expers
785 2887 819 2934 sit
837 2899 966 2942 aurarum,
988 2899 1038 2931 non
1047 2879 1130 2951 facile
1153 2885 1251 2935 monins
1282 2921 1286 2928 ,

134 2966 208 3033 apsari
227 2966 315 3032 afflari
336 2983 461 3036 temque
481 2967 627 3020 excelsiores
642 2971 785 3034 concipere,
805 2983 882 3035 neqrte
899 2967 1102 3034 praestantissimi
1111 2967 1216 3034 peiere,
1228 2969 1252 3017 si

134 3045 216 3097 desint
233 3047 410 3110 Maecenates,
431 3049 508 3098 sitam
524 3053 658 3098 suaerrta're
674 3049 896 3114 pessimat-97.
907 3041 969 3098 Non
975 3046 1128 3118 sraoaaor
1140 3063 1204 3096 rause
1215 3056 1251 3098 est

133 3125 207 3177 lator
224 3124 404 3178 historicorum
416 3166 423 3189 ,
435 3129 480 3177 etsi
495 3127 549 3194 plus
566 3131 700 3196 temporis,
716 3127 764 3178 olei
784 3145 814 3176 ac
830 3126 929 3176 citartae
945 3138 1038 3196 poscat.
1048 3129 1175 3176 98-105.
1196 3123 1251 3178 Ne·

134 3223 184 3275 que
195 3207 293 3257 maiora
306 3225 338 3257 e:
350 3211 450 3275 ingenti
464 3211 531 3260 vo'cis
553 3207 702 3277 laterumque
717 3210 870 3259 contentione
883 3208 996 3275 praemia
1015 3225 1046 3256 ac
1062 3205 1193 3256 commoda
1211 3223 1250 3256 re-

135 3287 251 3338 dursdant
268 3292 295 3338 in
312 3288 470 3350 causidicos,
485 3298 604 3356 patronos
620 3305 768 3352 causarum,
785 3299 809 3338 et
826 3284 1027 3348 iureconsultus,
1047 3288 1089 3356 qui
1108 3298 1251 3352 praeterea,

135 3381 162 3420 ut
175 3369 289 3438 plebem,
302 3369 429 3421 nominum
446 3374 548 3440 ingenia
563 3389 593 3420 ex
605 3370 671 3421 cithu
682 3383 705 3420 et
715 3370 906 3439 magnificentia
922 3369 1107 3434 aestimantem,
1119 3369 1249 3431 alliciant,

134 3468 162 3501 se
178 3449 271 3501 divites
286 3469 337 3502 esce
347 3451 463 3506 aarum
476 3471 507 3502 ac
519 3452 627 3515 nobiles,
639 3455 709 3503 etita
722 3467 778 3502 aere
794 3453 876 3500 alieno
885 3450 1021 3501 olnamtor.
1037 3452 1179 3502 too-tto.
1190 3447 1253 3500 Om-

135 3535 206 3584 niturt
218 3543 302 3583 tamen
322 3536 501 3603 ingratiisimtts
518 3545 553 3585 est
565 3534 635 3585 labor
647 3545 670 3584 et
686 3551 777 3584 merces
789 3533 906 3584 vilissima
920 3531 1053 3582 rhetorum
1071 3543 1143 3600 atque
1160 3547 1247 3600 gram·

135 3614 303 3666 madantum.
332 3613 378 3665 llli
392 3618 457 3666 enIm
473 3615 592 3665 contirtuis
605 3631 733 3682 puerorum
746 3613 833 3663 eadem
853 3613 1011 3663 resistentiam
1032 3611 1251 3664 declamationibus

137 3696 361 3766 excarnificatus,
372 3707 415 3758 et,
434 3699 455 3746 si
465 3698 536 3765 pueri
548 3699 685 3763 iuvenesque
698 3695 775 3744 obtusi
791 3696 885 3762 ingenii
901 3694 965 3745 niitil
978 3686 1008 3746 in¹
1016 3693 1094 3744 literis
1105 3693 1249 3762 proficiunt,

137 3776 187 3828 soli
207 3778 234 3826 in
253 3776 326 3844 eulpa
346 3795 398 3827 esse
419 3777 548 3836 dicuntur,
560 3793 623 3836 nec,
641 3787 666 3825 ut
679 3774 740 3825 olim
750 3789 936 3844 praeceptores,
947 3793 965 3825 a
976 3775 1103 3842 discipulis
1119 3774 1169 3824 coli
1179 3789 1251 3845 atque

136 3861 237 3918 anari,
255 3857 300 3908 secl
322 3857 431 3909 derideri
445 3857 484 3908 vel
500 3857 563 3936 adeo
588 3856 659 3907 caedi
677 3855 771 3916 solent,
790 3856 959 3925 aparentibus
977 3874 1051 3918 vero,
1068 3854 1110 3924 qui
1132 3853 1251 3924 magnam

137 3939 218 4008 utlgo
238 3942 267 3990 in
287 3939 409 4010 aedificia
429 3951 452 3989 et
469 3939 552 4007 epolus
569 3941 704 4007 impensam
720 3949 743 3988 et
763 3938 856 3988 millam
870 3935 925 4003 sere
935 3941 962 3988 in
975 3938 1143 3989 educationem
1156 3939 1250 3990 institit·

115 4021 279 4092 ,tionemque
299 4020 429 4071 liberorum
446 4019 561 4090 facisart,
574 4022 688 4084 exiguam
705 4019 795 4070 laboris
811 4018 975 4069 molestissimi
986 4019 1122 4070 mercedem
1136 4021 1250 4089 capiunt.-

137 4102 203 4153 tattle
222 4120 356 4171 perrarum,
372 4113 408 4153 est
424 4101 553 4169 locupletis
573 4100 673 4152 rltctorie
681 4139 690 4164 ,
717 4101 797 4169 qualis
822 4100 986 4168 Quintilianus
1001 4100 1078 4171 soit,
1105 4101 1250 4169 exemplum.

139 4187 288 4236 tot-244.
301 4183 339 4233 Hi
358 4199 431 4245 vera,
450 4180 626 4252 grammtIIci,
642 4201 659 4232 a
670 4182 763 4251 'quibus
785 4199 834 4231 non
850 4180 977 4249 multiplea
993 4193 1086 4230 tautum
1103 4194 1126 4232 et
1140 4181 1253 4250 perflata

138 4263 266 4325 arduo,
285 4263 330 4314 sed
346 4279 441 4312 aemma
456 4281 548 4332 quoque
571 4263 746 4329 discipulorum
762 4279 821 4312 cura
841 4263 961 4324 anigitur,
982 4275 1032 4310 non
1056 4271 1149 4311 tantiam
1174 4258 1253 4311 rriitilo

139 4343 197 4411 plus
210 4344 318 4412 praemii
328 4341 432 4412 serrant,
453 4341 498 4394 sed
514 4345 588 4397 etiam
606 4339 678 4413 pane
693 4341 845 4396 monetata
860 4339 1011 4411 sratdmtur
1027 4357 1128 4411 eamque
1140 4344 1187 4393 vie
1199 4341 1252 4391 sine

140 4423 187 4477 tite
202 4423 318 4477 obtinuit.
328 4427 470 4478 tto-tte.
