3056 5490
822 389 951 448 Ptnstt

378 594 422 662 tt
441 591 470 666 si
492 604 629 662 unctus
646 611 789 678 cesses,
807 604 845 662 et
860 587 950 691 ligas
970 592 1010 663 in
1030 609 1116 668 cute
1135 593 1272 686 solem,

321 711 390 783 Est
408 733 528 810 prope
548 725 583 782 te
602 709 774 809 ignotus,
795 707 925 782 cubito
944 712 1011 812 qui
1033 727 1182 812 tangat,
1200 729 1239 788 et
1261 741 1344 792 acre

324 828 491 928 Despuat
506 826 547 898 in
568 851 714 914 mores,
733 849 946 928 penemque
965 853 1179 932 arcanaque
1198 829 1315 907 lumbi
1395 873 1420 920 ³5

300 931 303 938 ¹
322 945 581 1032 Runcantem,
599 939 745 1046 populo
766 961 976 1020 marcentes
994 945 1163 1049 pandere
1183 947 1321 1027 vulvas.

321 1061 380 1134 Tu
400 1081 519 1162 quum
538 1055 694 1132 maxillis
710 1056 927 1132 balanatum
945 1088 1108 1168 gausape
1128 1081 1278 1168 pectas,

319 1177 543 1278 Inguinibus
561 1201 682 1278 quare
700 1173 880 1253 detonsus
895 1176 1073 1280 gurgulio
1093 1183 1241 1254 exstat?

353 1360 461 1408 aa-tt.
490 1356 545 1406 iarn
577 1349 724 1424 interpellat
760 1354 854 1408 Noster

318 1441 398 1490 istum
417 1437 444 1490 iu
462 1437 516 1490 vita
527 1435 610 1488 aliena
624 1435 786 1507 depingenda
800 1449 853 1492 tarn

318 1521 445 1574 disertum
459 1531 484 1575 et
498 1521 668 1584 adsumtum,
683 1523 710 1574 in
721 1523 851 1586 sordibus,

318 1625 333 1658 a
351 1605 445 1674 quibus
466 1605 520 1676 ipse
537 1605 643 1675 quidem
656 1605 782 1658 inlautum
794 1626 849 1658 ser·

317 1698 424 1742 vaserat
443 1688 577 1750 animum,
596 1688 798 1760 perstringendis
811 1688 851 1741 in·

318 1771 454 1842 geniorum
477 1781 504 1824 et
534 1769 675 1838 callidum,
708 1771 851 1842 docetque,

318 1855 508 1926 qrtaotoperein
516 1855 676 1908 contrarium
689 1866 775 1924 peccet
785 1854 851 1908 mol·

318 1939 373 1991 litic
399 1949 424 1991 et
447 1936 548 1990 luxuria
565 1937 700 2001 diffluens,
727 1950 752 1990 et
772 1957 851 2008 quam

317 2034 421 2093 turpem
438 2023 486 2074 sibi
498 2021 622 2074 infamiae
639 2033 729 2075 notam
743 2021 776 2074 ob
785 2025 850 2077 banc

318 2125 375 2160 rena
387 2108 548 2160 contraxerit.

353 2197 395 2244 33.
406 2208 499 2254 sesses,
514 2188 610 2242 otieris.
633 2201 656 2240 et
669 2189 742 2259 figas
756 2179 782 2240 in
795 2200 849 2239 cute

317 2279 409 2339 sulem,
431 2276 449 2328 i.
470 2295 494 2328 e.
514 2287 619 2338 cutem,
637 2293 729 2344 corpus
749 2273 849 2326 nudum

315 2358 376 2411 sotis
390 2358 468 2412 radiis
480 2358 596 2427 obponis.
612 2359 668 2410 Hoc
680 2355 756 2410 tiebat
769 2375 783 2408 a
798 2354 846 2408 dc·

319 2441 428 2496 licatulis
437 2484 446 2509 ,
461 2435 493 2496 ut
512 2440 626 2494 colorem
642 2443 708 2498 eutis
731 2441 845 2494 infusca-

315 2537 382 2582 rent.
612 2526 615 2536 '

350 2613 535 2682 secubituque·
553 2624 658 2683 surgat,
672 2629 725 2664 non
738 2607 848 2664 mollero

312 2699 403 2760 istum,
411 2696 456 2750 sed
465 2695 544 2748 alium
553 2713 754 2768 quemcumque,
766 2713 848 2764 qtrem

313 2781 452 2836 adtendere
474 2780 530 2834 vult
551 2781 584 2834 ad
606 2781 681 2834 istam
708 2779 848 2850 turpitudi-

314 2883 384 2920 nem.
418 2865 605 2928 uere,acriter.

246 2989 248 2996 .
344 2955 386 3002 35.
400 2951 513 3018 Despuat
527 2951 554 3000 in
566 2966 659 3010 nwrss,
674 2964 760 2998 mores
777 2944 846 2998 dete-

313 3044 401 3086 stetur.
417 3031 540 3103 Despuere
551 3041 589 3086 est
602 3032 782 3085 abominantis.
795 3033 846 3082 Ln-

313 3115 563 3185 cian.1carornenip.
583 3116 664 3178 T.tt,
686 3135 710 3184 p.
730 3119 788 3168 786.
801 3113 843 3166 ed.

313 3198 383 3252 beia.
405 3199 586 3271 πιριιρχονται
603 3197 749 3267 ἐπιπλάστῳ
773 3214 842 3268 σχη-

312 3281 375 3352 pari
388 3282 554 3334 κατάπτυστα
567 3281 621 3338 ἤθη
637 3280 846 3354 περιστίλλοντις.

312 3383 451 3435 arcanaque
466 3363 550 3416 nanti.
565 3363 706 3416 Libidinosi
726 3361 845 3414 homines

311 3449 427 3502 solebant
454 3447 539 3518 pilos,
560 3447 654 3518 quibus
679 3457 771 3499 natura
797 3464 844 3516 pu·

312 3531 396 3586 dende
414 3528 524 3600 aliasque
541 3531 654 3600 corporis
666 3540 750 3600 partes
761 3529 843 3582 obdu·

311 3617 364 3680 xit,
390 3613 525 3682 evellere,
552 3613 602 3666 boc
629 3615 705 3666 fiebat
728 3613 842 3684 forcipe,

310 3699 427 3770 pumice,
448 3698 524 3753 fascis
546 3697 600 3766 pice
616 3696 733 3750 obducta,
758 3698 839 3750 Perti·

903 1355 1057 1410 Runnmetem
1067 1359 1181 1428 peredere
1187 1399 1197 1424 ,
1213 1360 1309 1414 Graeca
1321 1369 1418 1414 conatur·

903 1440 955 1494 ctio
973 1440 1117 1496 notissima.
1131 1445 1260 1513 pmtdere,
1273 1442 1368 1514 publice
1378 1463 1418 1495 er·

904 1543 1002 1595 ponere
1023 1525 1098 1596 pilis,
1122 1528 1167 1598 qtri
1182 1539 1327 1600 tegumento
1343 1538 1415 1587 erant.

902 1609 1004 1664 evulsis.
1040 1615 1141 1677 vetuo,
1155 1613 1201 1680 id,
1214 1613 1281 1683 quod
1302 1633 1370 1683 supra
1384 1633 1415 1664 ar-

902 1714 967 1746 etusa
983 1695 1061 1746 luntdr'
1067 1735 1078 1759 ,
1093 1715 1155 1748 cum
1173 1707 1288 1766 respectu
1300 1697 1329 1748 ad
1342 1695 1412 1747 cinae·

901 1777 950 1830 dos
970 1777 1007 1830 sic
1023 1777 1192 1848 adpellatum.
1218 1769 1358 1844 nsafeentes,
1371 1779 1413 1830 lor·

901 1879 966 1924 san,
980 1859 1084 1914 laxatas.

936 1951 979 2000 37.
1001 1946 1042 1998 Tu
1068 1966 1143 2016 quum
1164 1948 1276 2000 maxillis
1295 1947 1414 2000 duleum

900 2047 1011 2100 gumape
1022 2045 1116 2102 pentus
1134 2034 1258 2086 Manillt's
1270 2031 1413 2086 t'asaubouus

900 2113 1020 2183 explicat:
1035 2115 1153 2184 pectine,
1167 2116 1236 2186 qitod
1249 2125 1274 2168 et
1287 2113 1383 2168 maxillis
1393 2124 1413 2166 et

899 2198 992 2266 pectini
1006 2198 1099 2252 dentes
1110 2199 1179 2263 eint;
1192 2201 1410 2269 etdulmraumsgoa

899 2301 958 2352 stane
984 2282 1070 2336 idern:
1096 2283 1204 2354 capillos
1232 2283 1288 2336 oleo
1312 2283 1412 2337 balanino

899 2375 997 2418 unctos.
1024 2366 1137 2419 Balaam
1166 2367 1239 2438 glans
1264 2365 1411 2438 unguentaria

899 2445 971 2498 nstris
983 2444 1114 2500 avellanae
1131 2447 1345 2518 magnitudinem
1360 2447 1410 2498 bra·

898 2529 941 2582 bia
949 2568 960 2594 ,
980 2529 1115 2606 Aethiopia
1132 2541 1158 2586 et
1176 2533 1294 2604 Aegypto
1307 2547 1409 2590 nascens,

898 2609 1411 2668 ecuinscorticcsuavissimiodorisolenrn
1476 2643 1478 2651 ,

898 2696 1096 2766 exprimebatur.
1130 2717 1241 2770 gausape
1260 2697 1352 2768 proprie
1369 2694 1408 2748 mi·

898 2779 971 2832 litare
989 2779 1133 2852 stragulum
1148 2780 1268 2834 villosum
1280 2819 1288 2844 ,
1300 2791 1339 2833 aut
1351 2797 1410 2847 mep-

896 2885 927 2934 pa
942 2863 1033 2918 villosa
1046 2865 1079 2918 ad
1092 2865 1263 2939 detergendas
1275 2883 1374 2919 means.

930 2949 1117 3018 38.gmgutto‚
1142 2947 1169 3002 h.
1184 2949 1200 3000 Ι.
1222 2967 1252 3004 ee
1277 2967 1346 3020 pars,
1369 2963 1410 3015 qua

895 3051 979 3084 mares
991 3051 1090 3086 sumus.
1105 3029 1132 3086 Si
1145 3032 1320 3104 interpretatio
1331 3031 1410 3101 prioris

897 3135 1001 3182 versus,
1015 3133 1093 3184 quam
1113 3117 1279 3170 casaubonus
1294 3111 1411 3184 proposuit,

897 3217 958 3252 vera
972 3209 1025 3264 cst,
1037 3217 1085 3251 nec
1097 3199 1252 3270 quisquam,
1265 3197 1410 3269 quodetiam,

895 3282 967 3335 dedit
979 3282 1196 3356 probabiliorem,
1208 3281 1343 3344 sententie,
1355 3294 1409 3352 quar

895 3363 940 3417 illo
954 3364 1032 3434 priori
1047 3376 1072 3418 et
1084 3364 1132 3418 boc
1145 3384 1222 3419 versu
1236 3365 1370 3418 continetur
1375 3360 1410 3424 ,sl

894 3465 952 3500 earn
966 3447 1096 3502 adtentius
1114 3449 1271 3520 perpendas,
1289 3442 1405 3517 frigidissi-

894 3549 939 3584 ma
952 3541 1007 3596 est,
1020 3542 1046 3584 et
1058 3531 1246 3602 indignatione,
1258 3549 1307 3601 qua
1314 3527 1408 3586 Persius,

895 3633 974 3686 quem
994 3613 1085 3667 dicunt
1110 3615 1280 3668 uerecundiae
1297 3605 1408 3682 virginalis

895 3699 970 3751 litisse
978 3735 987 3762 ,
999 3697 1026 3750 h.
1040 3697 1057 3752 l.
1071 3699 1211 3769 abripitur,
1226 3698 1298 3768 plane
1311 3693 1407 3764 indunt·

309 3785 387 3840 uebat
406 3785 456 3840 hoc
471 3785 503 3838 ed
521 3782 692 3853 exquisitioris
707 3781 844 3852 voluptatis
894 3782 956 3836 Meo
968 3781 1075 3852 quidem
1093 3801 1169 3835 sensu
1182 3783 1246 3835 nibil
1260 3781 1360 3834 ieiunius
1370 3793 1402 3826 co·

308 3871 448 3932 studium,
474 3889 527 3938 quo
560 3867 753 3938 conruptissirni
783 3877 844 3923 tnnc
892 3864 966 3937 gitari
980 3875 1063 3935 potest
1071 3875 1085 3929 ‚¹
1094 3885 1173 3934 quam
1190 3865 1232 3917 illa
1247 3857 1406 3932 interrogatio:

309 3953 433 4024 temporis
445 3952 555 4006 Romani
568 3951 719 4022 flagrabant.
749 3970 844 4002 memte
894 3953 983 4020 Quum
1003 3950 1056 4004 alas
1077 3952 1159 4021 capite
1175 3969 1293 4014 comam,
1311 3965 1352 3999 eur
1370 3942 1405 3994 de·

306 4041 401 4104 unet,
419 4040 560 4108 posteriora
581 4053 626 4088 seu
647 4053 725 4088 anum
733 4073 743 4099 ,
761 4053 843 4107 quem
893 4035 957 4106 pilas
978 4037 1091 4107 penem?
1113 4039 1199 4090 Liceat
1213 4033 1356 4092 miltinliam
1370 4031 1403 4081 in-

309 4123 394 4174 levem
406 4121 548 4176 reddebant
557 4119 707 4191 etglabrum
721 4117 842 4172 cinaedis.
894 4119 1053 4190 terpretandi
1079 4120 1207 4174 rationem
1236 4119 1313 4182 inire,
1329 4117 1348 4168 si
1362 4126 1405 4161 nna

343 4213 383 4259 36.
408 4205 567 4258 Rumontem.
598 4204 712 4256 Rmeare
737 4200 841 4274 proprie
892 4201 1041 4265 veriorem,
1059 4212 1146 4256 tamen
1166 4203 1228 4255 huic
1250 4201 1400 4264 toc0‚utar·

308 4299 347 4340 est
373 4299 470 4360 segetes
496 4298 541 4341 aut
563 4286 654 4340 herbas
680 4285 840 4356 etegetibus
890 4285 986 4350 bitror,
1006 4285 1141 4354 aptiorem.
1158 4289 1243 4340 Potest
1260 4299 1359 4354 gausape
1376 4275 1403 4326 dt

306 4369 427 4428 evellere.
451 4369 509 4428 ttt
530 4369 642 4442 positum
659 4387 705 4440 pro
718 4368 839 4442 nepita-e.
889 4367 1070 4440 capillamento
1084 4369 1185 4440 adripi,
1203 4388 1247 4422 scu
1262 4368 1291 4422 dc
1304 4357 1404 4454 pilisttl·
