3046 5498
499 337 776 439 aousuouvu
1025 335 1198 442 xxxvii

45 567 329 660 quemadmodum
359 575 555 644 casaubonus
583 577 716 664 altique,
746 577 801 664 qui
829 570 973 642 Saturam
993 575 1042 644 sal
1061 571 1198 644 Mrem

49 671 89 732 ita
106 667 299 749 definiant,
322 683 358 738 at
380 675 419 738 sit
438 697 586 751 carmen,
620 677 706 740 cuins
726 685 944 758 argumentum
965 673 1123 760 farragine
1142 693 1198 742 ssa

56 769 180 830 mistura
206 767 422 834 diversorum
455 773 600 835 vitiorum
629 787 796 855 rerumque
816 773 1038 850 contineatur,
1057 771 1194 834 nominis

62 865 155 948 potius
172 863 233 924 sim
263 878 301 927 et
326 867 564 951 etymologiam,
583 890 676 952 quam
697 869 841 930 carminis
861 879 999 932 naturam
1022 867 1201 951 respexisse,

62 959 102 1022 ita
118 959 168 1022 lul.
183 959 365 1044 Scaliger,
387 965 467 1026 Dan.
488 964 631 1027 Heinsius
645 965 756 1049 aliique
769 965 963 1027 similitudini
977 963 1199 1027 vocabulorum

63 1055 208 1135 Solymos,
231 1056 355 1137 Satyri
376 1069 408 1120 et
427 1059 540 1140 Satyra
562 1061 693 1122 nimium
713 1060 855 1124 tribuisse
880 1060 978 1124 videri
999 1069 1143 1144 possunt,
1168 1065 1201 1122 et

64 1151 186 1236 qnaeris
206 1172 344 1217 nomen
364 1157 493 1219 omnino
515 1177 641 1238 graecae
661 1161 700 1219 sit
719 1145 871 1240 originis,
892 1165 993 1218 tamea
1014 1155 1129 1218 Satura
1149 1175 1201 1218 re·

66 1251 131 1312 ctias
153 1248 342 1328 scribitur,
381 1275 472 1336 qaam
504 1251 618 1334 Satyrus
638 1269 669 1316 et
689 1251 816 1326 Satirnp
837 1235 908 1313 nim
931 1261 1048 1316 veteres
1069 1249 1202 1314 Romani

66 1347 206 1408 ιῖηιιιιιιι
228 1363 247 1396 s
286 1357 322 1409 ιιι
344 1347 440 1412 breve
468 1347 629 1411 Gallorum
658 1371 679 1410 a
700 1347 960 1432 pronuntiabant,
998 1348 1202 1412 Grammatioi

62 1463 121 1502 rem
152 1441 463 1524 substituebaaty,
493 1453 525 1506 et
560 1443 696 1520 indocti,
738 1453 790 1508 nat
823 1445 877 1530 qui
910 1443 968 1508 sibi
995 1445 1079 1508 forte
1113 1439 1199 1506 docti

57 1536 268 1615 ridebantur,
292 1543 327 1616 i,
350 1564 379 1604 a.
400 1561 428 1602 c.
448 1539 580 1620 inclytus
604 1550 637 1602 et
665 1541 804 1616 inclines,
831 1541 976 1618 lacryma
997 1549 1029 1602 et
1047 1539 1198 1602 lacrimas

59 1655 111 1717 pro
129 1635 274 1696 inclutas
299 1646 333 1698 et
360 1637 537 1711 lacrumae,
559 1651 637 1721 quae
657 1658 727 1698 seru
747 1637 902 1720 scriptura
922 1637 956 1698 in
977 1635 1084 1698 multis
1108 1634 1200 1698 codd.

61 1731 143 1793 llSS.
155 1733 336 1814 reperitur.
360 1732 463 1796 Multo
481 1741 585 1794 autem
617 1733 807 1816 probabilius
838 1741 901 1806 est,
935 1753 1000 1795 non
1026 1731 1119 1796 modo
1141 1733 1202 1796 hoc

64 1827 235 1888 carminum
275 1849 405 1910 genus,
435 1828 473 1890 de
503 1851 565 1910 quo
591 1829 767 1910 quaeritur,
789 1827 958 1890 sedetiam
980 1849 1093 1891 nomeu
1115 1829 1201 1908 eius,

66 1924 164 1986 saltem
187 1925 286 1985 huius
311 1947 418 2000 usum,
444 1925 588 1986 Romanis
609 1925 771 2008 proprium
794 1925 905 1998 luisse,
926 1947 1018 2008 quam
1040 1925 1200 1988 aGraecis

70 2019 249 2103 pmiectnm.
288 2021 372 2081 Nam
407 2021 543 2103 primum
574 2041 700 2081 onmem
732 2022 797 2082 fere
822 2020 1045 2084 dubitationem
1065 2019 1204 2084 eximunt

73 2119 237 2179 testimonia
259 2116 386 2179 Horatii
410 2117 497 2190 (Sat.
520 2120 553 2193 l,
577 2141 620 2179 ιο.
643 2119 692 2180 66.
713 2118 766 2178 ubi
787 2119 904 2180 Eunias
924 2119 1012 2180 rudis
1030 2133 1060 2180 et
1076 2121 1204 2182 Graecis

79 2219 172 2276 intacti
192 2217 351 2275 carminis
371 2226 478 2276 auctor
498 2211 633 2289 dicitur)
664 2223 694 2274 et
724 2212 907 2290 Quintiliani
933 2217 1030 2288 (lust.
1045 2217 1098 2278 Or·
1115 2215 1155 2290 X,
1174 2239 1200 2290 r,

85 2313 130 2390 qb
148 2312 249 2372 Satira
281 2325 351 2372 tota
383 2324 489 2372 nostra
517 2325 581 2386 est,
616 2311 648 2371 in
678 2333 741 2392 qua
769 2312 890 2392 primus
910 2313 1056 2396 insignem
1077 2309 1203 2372 taudem

90 2408 205 2488 αάῳιιιι
231 2422 270 2468 est
303 2407 469 2482 Lucilius)
490 2427 567 2490 quae
587 2407 727 2489 proiecto
748 2405 843 2488 louge
864 2405 1006 2488 digniora
1027 2415 1099 2468 sunt
1119 2405 1204 2482 fide,

88 2524 173 2584 qaam
192 2503 322 2564 incertae
345 2505 552 2566 recentiorum
569 2503 760 2564 Criticornm
780 2505 986 2564 coniecturae.
1008 2501 1129 2564 Deinde
1150 2499 1204 2564 illa

83 2598 217 2679 carpendi
234 2597 314 2660 alios
335 2619 505 2682 pravosque
526 2597 687 2660 hominum
708 2616 810 2658 mores
830 2595 952 2658 ridendi
972 2597 1051 2659 ratio
1072 2616 1204 2680 nequea
1260 2627 1263 2636 ¹

78 2693 193 2754 Graecis
224 2694 326 2754 serbo
356 2691 484 2775 aliquo,
513 2693 670 2777 aSotyris
700 2692 815 2775 petito,
853 2691 999 2776 insignita
1023 2701 1069 2754 est
1102 2697 1205 2773 (anm

78 2787 165 2870 ipsum
197 2803 350 2873 σατυριζιιν
383 2789 534 2851 lasciviam
556 2790 656 2871 potius
678 2785 882 2869 petulantem,
904 2810 995 2872 quam
1019 2785 1205 2850 mordacita-

78 2897 149 2960 tem,
169 2887 352 2969 significat,
377 2897 409 2948 et
428 2885 531 2968 Satyri
552 2905 676 2968 quoque
696 2883 805 2972 salaces
825 2883 949 2968 quidem
970 2884 1018 2948 vel
1033 2885 1205 2968 petulantes

76 2991 101 3042 et
116 2981 302 3058 saltatores,
323 3003 388 3042 non
410 2990 512 3041 autem
532 2979 651 3040 dicaces
673 2979 749 3062 fingi
770 2979 952 3052 solebant),
976 2999 1076 3064 aeque
1096 2980 1204 3062 singu·

75 3073 131 3152 lare
148 3075 305 3160 aliquod,
326 3097 345 3136 a
365 3075 489 3138 Graecis
509 3073 688 3151 excultum,
709 3081 833 3158 poeseos
847 3072 1081 3157 carminumque
1102 3093 1200 3156 genus

73 3193 213 3255 umquam
235 3172 423 3246 constitnit,
444 3170 481 3231 ad
502 3170 584 3254 qaod
607 3169 675 3248 illa,
696 3189 788 3253 qnam
809 3191 903 3254 supra
924 3169 1019 3248 dedi,
1047 3169 1205 3232 Ennianus

72 3277 99 3328 et
116 3267 318 3350 potissimum
346 3265 521 3328 Lucilianae
545 3264 667 3329 Satirae
681 3265 850 3348 descriptio
867 3266 907 3327 ita
923 3264 1084 3326 transferri
1098 3273 1206 3347 queat,

74 3373 187 3426 utnon
208 3383 323 3447 magna
344 3361 591 3446 deprehendatur
621 3361 845 3424 dissimilitudo.
869 3371 916 3438 (1)
952 3359 1095 3445 Aliquam
1130 3357 1206 3444 qui-

98 3593 140 3659 (t)
167 3590 279 3662 Koring
303 3609 330 3660 p.
344 3591 374 3643 ll.
395 3596 414 3622 ‘¹
427 3589 561 3653 Omnino,
577 3592 616 3643 iu·
668 3609 683 3642 a
706 3605 877 3660 personarum
906 3587 1042 3660 cornplexu
1060 3585 1186 3644 disiuncta
1195 3628 1204 3654 ,

69 3677 138 3748 quit,
156 3677 226 3730 lmen
238 3675 322 3740 uitia,
335 3673 474 3728 stultitiam
487 3685 512 3728 et
525 3693 617 3747 pravos
668 3684 860 3739 exercemus„
873 3693 898 3743 p.
910 3679 952 3726 23.
970 3672 1049 3726 “Sed
1062 3673 1096 3724 sit
1105 3689 1204 3726 nomen

68 3761 211 3814 bominum
230 3777 323 3813 mores
344 3758 450 3812 ridendi
469 3770 494 3812 et
510 3762 614 3830 vitupe·
667 3756 712 3810 vel
731 3757 844 3810 maxime
860 3759 976 3810 Graecae
992 3755 1116 3827 originis,
1137 3754 1208 3823 quod

69 3845 231 3900 meditatio
259 3862 411 3915 numquam
424 3843 553 3916 singulare
567 3844 614 3898 ali·
669 3841 702 3918 de
724 3840 812 3894 multis
843 3839 930 3893 verbis
952 3839 1051 3892 Latinis
1079 3835 1208 3909 probabili
1282 3865 1285 3873 ·

69 3931 305 4002 quodesrrninum
314 3929 523 4000 genns‚proprio
532 3927 618 3998 aliquo
669 3925 771 3976 ratione
791 3924 920 3994 disputare
934 3924 1027 3994 possis,
1047 3922 1208 3976 hortamen

25 4029 28 4086 ξ
71 4017 175 4070 nmine
203 4015 384 4086 insignitum,
412 4013 479 4084 apud
506 4017 618 4068 Graecos
669 4018 784 4074 constat,
801 4009 915 4061 Graecos
929 4005 1023 4062 eodem
1037 4005 1069 4060 ad
1084 4005 1207 4060 carminis

70 4101 222 4168 eonstitnit,
247 4098 295 4152 sed
320 4099 403 4174 modo
428 4098 497 4169 epira
504 4139 513 4164 ,
539 4097 618 4151 modo
669 4092 775 4166 aliquod
790 4109 887 4164 genus,
901 4090 1052 4160 praesertim
1064 4089 1209 4157 satiricum,

71 4184 161 4258 lyrica.
178 4186 265 4240 modo
278 4183 436 4247 dramatica,
454 4183 534 4237 modo
547 4181 619 4236 dida·
670 4193 816 4247 numquam
829 4173 908 4227 fuisse
924 4193 1001 4241 usos,
1019 4173 1135 4243 adeoque
1146 4193 1210 4229 usus

73 4271 128 4324 eiu
139 4269 234 4324 forma
246 4267 345 4340 prodiit
355 4265 464 4330 induta,
478 4268 617 4329 irritamen,
670 4263 777 4329 saltem,
793 4259 825 4315 ad
838 4279 918 4334 quem
934 4259 1044 4314 Romani
1057 4257 1122 4314 illud
1137 4257 1210 4314 adhi-

74 4367 98 4409 ιι
115 4355 243 4412 dicacitas
270 4369 380 4424 semper
402 4351 457 4405 sere
482 4351 510 4404 in
537 4361 620 4404 certos
670 4344 1116 4414 buerunt,novusestdicendus.u
1131 4345 1209 4418 pat.

73 4441 199 4518 questam
208 4437 338 4496 bomiw
344 4473 357 4514 ,
370 4453 426 4494 ann
437 4439 466 4494 ia
480 4435 545 4493 vitis
555 4435 620 4512 ipss,
674 4436 788 4496 rGenus
797 4431 847 4492 boc
860 4429 983 4510 mapendi
994 4429 1059 4490 alios
1070 4425 1211 4490 stridendi
