3056 5490
321 358 416 478 456
757 387 921 447 ranan
985 415 988 422 »

318 586 499 663 Producis
518 577 641 690 genio.
661 581 747 660 solis
768 582 955 658 natalibus
975 599 1031 660 ast
1051 585 1118 686 qni

319 707 456 808 Tingat
473 703 555 778 olus
571 705 710 779 siccum
728 705 849 776 muria
868 699 971 776 vafer
991 702 1031 772 in
1050 698 1166 774 calice
1187 716 1325 805 empta,
1389 739 1414 788 n

319 823 403 925 Ipse
421 846 567 896 sacrum
587 821 762 894 inrorans
779 821 929 922 patinae
948 818 1071 923 piper.
1093 815 1154 906 hic
1172 815 1276 890 bona
1294 813 1394 890 (lente

319 935 487 1011 Grandia
506 937 762 1038 magnanimus
784 937 931 1038 peragit
949 959 1059 1038 puer.
1079 948 1165 1008 utar
1184 957 1268 1035 ego,
1286 947 1365 1007 utar
1376 989 1385 1024 ,

320 1055 398 1130 Nec
415 1051 592 1128 rhombos
611 1051 697 1127 ideo
714 1049 859 1126 libertis
877 1075 1020 1156 ponere
1041 1049 1189 1138 lautus,

321 1261 426 1316 tamen,
453 1261 482 1304 ut
508 1250 637 1304 luxuriam
670 1249 760 1304 vitem.
801 1253 855 1302 llac
904 1247 1029 1302 mandant
1040 1247 1160 1302 sordidae
1178 1246 1344 1318 parsimoniae
1361 1248 1413 1300 irna·

319 1323 496 1406 propositione
515 1333 629 1406 generali
646 1331 856 1387 commodissime
905 1333 1011 1403 girant,
1033 1331 1139 1386 adiecit:
1154 1341 1238 1402 empto
1256 1333 1282 1383 in
1294 1333 1365 1384 colice
1376 1331 1416 1384 ie.

321 1419 369 1472 sibi
382 1418 473 1472 stravit
485 1419 556 1472 viam
575 1417 607 1471 ad
625 1417 749 1471 avaritiae
763 1426 788 1469 et
801 1435 854 1470 sor·
906 1417 1000 1488 exiguo
1023 1417 1128 1470 vasculo
1149 1427 1250 1486 empta,
1271 1427 1300 1470 ut
1318 1425 1414 1470 tantun·

321 1501 395 1554 diurn
420 1501 666 1571 reprehensionem,
700 1499 807 1554 remotis
830 1511 857 1555 et
905 1501 1028 1555 modoad
1041 1501 1113 1555 bunc
1132 1501 1204 1554 diem
1218 1502 1359 1565 subiceret,
1373 1497 1415 1553 aliis

323 1584 414 1641 desiria
432 1585 464 1640 iia
476 1585 559 1640 cauais
576 1595 601 1638 et
622 1583 778 1650 rationibus,
794 1603 857 1653 quaa
906 1585 976 1638 enim
991 1585 1082 1640 diebus
1093 1586 1184 1639 minus
1202 1584 1269 1639 laute
1280 1583 1415 1656 epulabatur.

322 1667 457 1730 homines.
475 1669 526 1724 boc
548 1667 611 1725 visto
640 1667 800 1733 laborantes,
828 1667 856 1721 in
906 1671 962 1722 Huc
974 1671 1086 1740 pertinet
1099 1669 1181 1724 etiarn
1194 1675 1285 1740 tingat.

322 1771 396 1808 auam
410 1771 467 1808 rena
483 1754 595 1824 prolem
607 1753 714 1808 soleant.
941 1757 983 1809 tt.
1007 1754 1073 1826 Ipse.
1099 1755 1169 1808 Nam
1197 1771 1273 1808 servo
1297 1761 1362 1808 tanta
1385 1771 1415 1804 ro

360 1842 402 1892 tt.
428 1839 563 1908 Discrepet
587 1855 651 1891 sca
674 1855 733 1901 me,
759 1854 774 1889 a
798 1853 858 1890 meo
878 1881 882 1890 .
906 1835 960 1890 scil.
977 1839 1039 1906 {non
1058 1837 1277 1892 committebatur.
1307 1839 1416 1900 'term

324 1919 433 1974 aiveodi
447 1939 528 1976 more.
551 1923 724 1990 flammam,
738 1919 856 1973 borona·
908 1923 1055 1993 parcissime
1074 1923 1213 1979 instillans.
1244 1925 1413 1992 montpipu,

324 2002 395 2064 telis.
421 2003 490 2056 unde
512 2003 563 2057 sata
587 2004 725 2058 bominum
746 2004 859 2074 pendere
908 2007 926 2060 i·
938 2026 960 2060 e.
974 2007 1048 2078 piper
1063 2019 1199 2078 umquam
1224 2025 1280 2060 rem
1299 2013 1412 2059 tremet

323 2086 487 2140 somniabant
500 2083 858 2158 astrologi,personaevicem
908 2091 1017 2144 minime
1041 2091 1207 2163 tangendam.
1234 2089 1315 2144 Oleris
1336 2105 1415 2160 geum»

324 2169 450 2236 suatinet3
469 2167 599 2238 adquam
621 2189 701 2240 quum
727 2188 754 2224 se
776 2181 859 2224 vertat
906 2185 937 2230 at
951 2177 1025 2244 beta,
1038 2178 1137 2230 vincet
1151 2177 1240 2248 pipere
1255 2173 1407 2229 condiebatur.

322 2256 592 2324 potta,aententiaper
603 2272 630 2306 ae
639 2251 753 2325 uulgaris
763 2271 858 2308 novam
942 2264 984 2313 22.
998 2257 1352 2331 arrograaat'mnaper-ironiam,¹
1361 2254 1415 2326 quasi

327 2338 381 2390 vim
397 2336 527 2407 adoepiaae
541 2336 653 2391 videtur.
671 2341 711 2390 De
724 2336 773 2390 boc
786 2357 859 2392 ornt-
908 2344 1027 2398 ostendat
1047 2363 1175 2415 magnum
1198 2344 1312 2396 animam
1325 2342 1348 2393 in
1364 2357 1416 2393 eon-

324 2429 471 2492 tusgenere
485 2419 560 2492 plura
572 2419 680 2490 Quintil.
697 2420 857 2486 tosticvut,
907 2428 1186 2493 temnendo-divitiis,
1206 2443 1311 2498 cpiarum
1337 2421 1415 2478 nullan

327 2509 351 2557 ⁵·
907 2511 1035 2564 rationem
1052 2510 1129 2565 babet
1142 2513 1170 2564 in
1183 2510 1322 2581 sumptibus
1338 2508 1413 2560 iacia-

361 2593 402 2641 ⁴⁹·
416 2585 554 2649 Pr⁰d¹¹⁶l⁸r
569 2585 695 2642 lulum
708 2586 772 2641 “¹3⁸¹
807 2589 857 2641 Gt·
908 2594 957 2648 dia.
990 2613 1067 2666 prm,
1088 2591 1309 2658 adolescentulns3
1328 2589 1413 2662 puerilis

325 2675 407 2724 minos
418 2689 482 2724 voro
499 2674 608 2741 ingenio.
646 2674 717 2744 Ergo
738 2671 859 2726 bominea
908 2679 979 2732 enim
994 2689 1038 2731 aut
1051 2675 1175 2731 iuvenilis
1186 2687 1254 2730 aetas
1266 2677 1291 2727 in
1305 2673 1416 2746 primisia-

325 2753 373 2808 sub
385 2773 436 2808 una
448 2755 589 2826 eademque
600 2755 792 2810 constellatione
805 2757 858 2810 nati
909 2761 1034 2816 clinatum
1049 2761 1083 2814 'ad
1097 2779 1206 2832 magnas
1217 2759 1366 2830 profusiones
1382 2755 1415 2806 ba·

326 2835 859 2908 ingeniietmommsimilitudineminime
909 2845 954 2898 bet
964 2843 1089 2896 animum.
1125 2845 1200 2896 dense
1210 2844 1318 2913 pangit,
1329 2837 1416 2910 guleab·

325 2920 446 2992 gaudent.
469 2923 856 2994 Poetaeornatumquisquele·
910 2927 997 2981 sumit.
1029 2927 1094 2980 dona
1106 2928 1236 2998 Μία,
1249 2925 1418 2996 ingementes}

327 3003 375 3057 cile
388 3009 496 3073 sentiet,
513 3007 613 3064 conlata
627 3028 687 3064 curu
704 3009 760 3062 eiua
773 3007 859 3062 verbis
911 3009 1076 3064 familiarem.
1098 3009 1253 3064 Huiusmodi
1272 3001 1416 3077 dilapidatoris

328 3089 548 3154 nudaseutentla:
567 3093 805 3154 bominumatudit
821 3091 859 3146 dl·
911 3093 1060 3166 exemplum
1074 3095 1215 3164 proposuit.
1248 3099 1414 3161 anteparta,

329 3185 483 3232 versaauot.
911 3197 945 3233 ac.
976 3177 1138 3233 facultatibus
1169 3177 1249 3242 meis,
1274 3191 1356 3229 veruto
1376 3185 1414 3222 tot

328 3315 330 3318 .
364 3264 404 3312 {9-
421 3260 551 3316 natatibus
569 3259 632 3314 Dice
650 3257 743 3316 natalis
758 3258 857 3330 praeci·
912 3263 1012 3316 abutar.
1025 3261 1155 3314 Posterius
1167 3259 1299 3331 dupliciter
1311 3252 1415 3327 expressit:

328 3361 377 3412 pue
396 3342 478 3414 epulis
502 3341 686 3410 celebrabatur.
716 3363 741 3398 v.
765 3344 797 3397 ad
820 3345 860 3409 V,
914 3365 997 3415 oeqtre
1009 3363 1058 3416 ego
1073 3344 1128 3399 aliis
1140 3345 1172 3397 ad
1188 3341 1369 3397 ostentationem
1377 3335 1415 3386 lau·

330 3433 390 3481 tat.
914 3431 1026 3485 tissimus
1043 3431 1120 3500 dapes
1139 3429 1281 3499 adponam:
1298 3440 1370 3492 neque
1382 3438 1413 3471 ra·

362 3514 403 3564 20.
418 3513 487 3578 olus,
507 3511 526 3566 i.
545 3511 670 3570 acilium
688 3509 844 3566 vilissimum
850 3547 861 3576 ,
912 3513 1022 3568 riaaimie
1038 3524 1064 3567 et
1079 3511 1283 3586 eaquisitieaimis
1296 3509 1344 3579 ipae
1355 3506 1414 3556 ictu·

328 3615 380 3666 quo
393 3607 480 3650 tamen
492 3595 862 3662 vetanuomaniutehanma
912 3599 946 3652 os.
961 3601 1049 3652 llorat.
1066 3599 1148 3668 Epist.
1163 3601 1203 3659 ll,
1219 3601 1243 3649 2.
1262 3600 1307 3649 t9⁰
1321 3609 1365 3659 seq·

329 3689 440 3750 quorum
452 3681 617 3739 sobrietatem
631 3699 691 3734 curn
707 3685 859 3752 auitampo·
948 3687 990 3736 23.
1018 3685 1112 3747 ὶωιιω,
1146 3679 1309 3754 magnificos.
1337 3680 1414 3743 proptu

330 3763 367 3818 ris
380 3763 482 3817 lusoria
495 3775 626 3834 comparat
638 3762 755 3818 luvenal.
772 3767 813 3828 X,
829 3770 861 3819 78
914 3785 1018 3838 magnas
1031 3767 1177 3836 impensas,
1190 3781 1254 3834 quae
1274 3763 1300 3815 io
1319 3758 1413 3827 utpote

329 3867 384 3919 scq-
410 3852 519 3912 as'rrum,
547 3866 603 3902 nou
625 3859 741 3902 numan.
770 3851 860 3922 virser,
912 3869 1008 3906 coenae
1034 3840 1185 3904 baitssmodi
1210 3844 1333 3900 faciendae
1352 3847 1413 3892 ent&

327 3931 432 4000 sollers,
455 3932 619 4006 ingeniosus,
633 3933 673 3986 ut¹
685 3943 746 3988 sunt
764 3934 864 3988 sordidi
913 3932 998 3986 Simili
1017 3932 1116 3985 ratione
1137 3939 1238 3999 praetor
1254 3925 1330 3978 lautus
1344 3918 1413 3974 dicittt

330 4017 357 4066 in
374 4015 541 4071 custodientia
556 4033 592 4068 re.
628 4017 719 4070 Mwia
738 4027 792 4070 erat
821 4015 864 4072 vel
913 4017 982 4089 apud
995 4015 1111 4072 luvenal.
1125 4013 1412 4076 nilamnionem

330 4113 395 4171 aqtn
408 4099 487 4168 salsa,
500 4100 527 4152 io
541 4117 593 4172 qua
605 4099 703 4170 aliquid
715 4101 799 4154 suerat
810 4118 863 4152 ma·
914 4107 1014 4156 Graeca
1034 4111 1129 4156 constr.
1151 4101 1271 4153 rhombos.
1295 4095 1319 4147 in
1337 4083 1412 4143 delicit

330 4195 445 4236 ceratum
458 4195 501 4238 aut
514 4193 663 4248 serratum,
677 4184 720 4238 vel
737 4203 817 4257 geraus
832 4183 863 4238 li·
915 4205 1019 4239 mensae
1036 4185 1150 4240 rhombus
1167 4183 1239 4254 piscis
1255 4177 1411 4233 henninc-

331 4269 461 4338 quaminis
489 4287 520 4322 ex
543 4272 704 4323 tbunnorurn
728 4270 815 4337 sanie,
834 4281 864 4324 ut
913 4270 1015 4324 libertis.
1047 4271 1095 4322 an
1118 4266 1230 4320 Romani
1250 4263 1312 4317 inter
1332 4255 1412 4342 ditm?

331 4353 647 4424 gamneacornbrorum.
678 4353 720 4407 Ad
738 4373 860 4408 consum·
914 4365 939 4407 et
960 4363 1097 4410 sectatores
1122 4365 1265 4405 mensarum
1285 4345 1368 4398 bonore
1384 4331 1411 4385 ³¹·
