<?xml version="1.0" encoding="UTF-8"?>
<!DOCTYPE html PUBLIC "-//W3C//DTD XHTML 1.0 Transitional//EN"
    "http://www.w3.org/TR/xhtml1/DTD/xhtml1-transitional.dtd">
<html xmlns="http://www.w3.org/1999/xhtml" xml:lang="en" lang="en">
 <head>
  <title>
</title>
<meta http-equiv="Content-Type" content="text/html;charset=utf-8" />
  <meta name='ocr-system' content='tesseract 3.04.00' />
  <meta name='ocr-capabilities' content='ocr_page ocr_carea ocr_par ocr_line ocrx_word'/>
</head>
<body>
  <div class='ocr_page' id='page_1' title='image "./diuniiiuvenalis00persgoog_0093.png"; bbox 0 0 3028 5492; ppageno 0'>
   <div class='ocr_carea' id='block_1_1' title="bbox 531 371 1205 476">
    <p class='ocr_par' dir='ltr' id='par_1_1' title="bbox 531 371 1205 476">
     <span class='ocr_line' id='line_1_1' title="bbox 531 371 1205 476; baseline 0.003 -6"><span class='ocrx_word' id='word_1_1' title='bbox 531 407 754 470; x_wconf 79' lang='lat' dir='ltr'><strong>tvvauams</strong></span> <span class='ocrx_word' id='word_1_2' title='bbox 1054 371 1205 476; x_wconf 66' lang='lat' dir='ltr'><strong>lxxxi</strong></span> 
     </span>
    </p>
   </div>
   <div class='ocr_carea' id='block_1_2' title="bbox 16 606 1208 4481">
    <p class='ocr_par' dir='ltr' id='par_1_2' title="bbox 16 606 1206 1826">
     <span class='ocr_line' id='line_1_2' title="bbox 137 606 679 685; baseline 0 -19"><span class='ocrx_word' id='word_1_3' title='bbox 137 611 164 682; x_wconf 75' lang='grc'><strong>4.</strong></span> <span class='ocrx_word' id='word_1_4' title='bbox 187 607 346 668; x_wconf 80' lang='lat' dir='ltr'><strong>Tlasaneus</strong></span> <span class='ocrx_word' id='word_1_5' title='bbox 362 607 387 667; x_wconf 85' lang='lat' dir='ltr'><strong>l.</strong></span> <span class='ocrx_word' id='word_1_6' title='bbox 408 615 487 680; x_wconf 88' lang='lat' dir='ltr'><strong>(no.</strong></span> <span class='ocrx_word' id='word_1_7' title='bbox 503 606 616 685; x_wconf 86' lang='lat'>8071.)</span> <span class='ocrx_word' id='word_1_8' title='bbox 676 667 679 676; x_wconf 68' lang='grc'>,</span> 
     </span>
     <span class='ocr_line' id='line_1_3' title="bbox 97 689 1206 773; baseline 0.004 -14"><span class='ocrx_word' id='word_1_9' title='bbox 97 701 170 762; x_wconf 89' lang='lat' dir='ltr'><strong>Cod.</strong></span> <span class='ocrx_word' id='word_1_10' title='bbox 191 700 370 761; x_wconf 71' lang='lat' dir='ltr'><strong>crembam</strong></span> <span class='ocrx_word' id='word_1_11' title='bbox 392 689 503 762; x_wconf 80' lang='lat' dir='ltr'><strong>lot.·&#39;x.</strong></span> <span class='ocrx_word' id='word_1_12' title='bbox 523 693 601 761; x_wconf 82' lang='lat' dir='ltr'><strong>saec.</strong></span> <span class='ocrx_word' id='word_1_13' title='bbox 623 710 774 773; x_wconf 81' lang='lat' dir='ltr'><strong>exaratas,</strong></span> <span class='ocrx_word' id='word_1_14' title='bbox 798 709 937 764; x_wconf 88' lang='lat' dir='ltr'><strong>constans</strong></span> <span class='ocrx_word' id='word_1_15' title='bbox 952 703 987 763; x_wconf 74' lang='grc' dir='ltr'><strong>δι</strong></span> <span class='ocrx_word' id='word_1_16' title='bbox 1007 699 1094 760; x_wconf 82' lang='lat' dir='ltr'><strong>foliis.</strong></span> <span class='ocrx_word' id='word_1_17' title='bbox 1118 702 1206 762; x_wconf 83' lang='lat' dir='ltr'><strong>Scri-</strong></span> 
     </span>
     <span class='ocr_line' id='line_1_4' title="bbox 92 795 1206 878; baseline 0.004 -24"><span class='ocrx_word' id='word_1_18' title='bbox 92 807 179 877; x_wconf 86' lang='lat' dir='ltr'><strong>ptura</strong></span> <span class='ocrx_word' id='word_1_19' title='bbox 199 797 261 855; x_wconf 88' lang='lat' dir='ltr'><strong>eius</strong></span> <span class='ocrx_word' id='word_1_20' title='bbox 283 796 439 878; x_wconf 82' lang='lat' dir='ltr'><strong>perspicua</strong></span> <span class='ocrx_word' id='word_1_21' title='bbox 459 799 527 857; x_wconf 87' lang='lat' dir='ltr'><strong>satis</strong></span> <span class='ocrx_word' id='word_1_22' title='bbox 547 806 604 871; x_wconf 87' lang='lat' dir='ltr'><strong>est,</strong></span> <span class='ocrx_word' id='word_1_23' title='bbox 622 817 680 856; x_wconf 89' lang='lat' dir='ltr'><strong>nec</strong></span> <span class='ocrx_word' id='word_1_24' title='bbox 700 796 870 876; x_wconf 77' lang='lat' dir='ltr'><strong>inelegans,</strong></span> <span class='ocrx_word' id='word_1_25' title='bbox 890 807 921 857; x_wconf 86' lang='lat' dir='ltr'><strong>et</strong></span> <span class='ocrx_word' id='word_1_26' title='bbox 940 795 1095 856; x_wconf 86' lang='lat' dir='ltr'><strong>literarum</strong></span> <span class='ocrx_word' id='word_1_27' title='bbox 1110 796 1206 858; x_wconf 84' lang='lat' dir='ltr'><strong>forma</strong></span> 
     </span>
     <span class='ocr_line' id='line_1_5' title="bbox 92 889 1206 973; baseline 0.002 -21"><span class='ocrx_word' id='word_1_28' title='bbox 92 893 206 954; x_wconf 88' lang='lat' dir='ltr'><strong>duobus</strong></span> <span class='ocrx_word' id='word_1_29' title='bbox 224 891 478 972; x_wconf 74' lang='lat' dir='ltr'>praecedentibus</span> <span class='ocrx_word' id='word_1_30' title='bbox 500 891 586 973; x_wconf 85' lang='lat' dir='ltr'><strong>plane</strong></span> <span class='ocrx_word' id='word_1_31' title='bbox 616 890 731 952; x_wconf 85' lang='lat' dir='ltr'><strong>similis.</strong></span> <span class='ocrx_word' id='word_1_32' title='bbox 760 892 902 953; x_wconf 84' lang='lat' dir='ltr'><strong>Ceterum</strong></span> <span class='ocrx_word' id='word_1_33' title='bbox 932 912 992 949; x_wconf 91' lang='lat' dir='ltr'><strong>aon</strong></span> <span class='ocrx_word' id='word_1_34' title='bbox 1014 889 1089 952; x_wconf 79' lang='lat' dir='ltr'><strong>adeo</strong></span> <span class='ocrx_word' id='word_1_35' title='bbox 1109 891 1206 954; x_wconf 88' lang='lat' dir='ltr'><strong>bonae</strong></span> 
     </span>
     <span class='ocr_line' id='line_1_6' title="bbox 90 983 1205 1069; baseline 0.004 -23"><span class='ocrx_word' id='word_1_36' title='bbox 90 999 178 1048; x_wconf 83' lang='lat' dir='ltr'><strong>notae</strong></span> <span class='ocrx_word' id='word_1_37' title='bbox 198 987 295 1048; x_wconf 82' lang='lat' dir='ltr'>codex</span> <span class='ocrx_word' id='word_1_38' title='bbox 315 988 370 1047; x_wconf 88' lang='lat' dir='ltr'><strong>istc</strong></span> <span class='ocrx_word' id='word_1_39' title='bbox 399 997 462 1058; x_wconf 76' lang='lat' dir='ltr'><strong>est3</strong></span> <span class='ocrx_word' id='word_1_40' title='bbox 495 983 608 1069; x_wconf 75' lang='lat' dir='ltr'><strong>q&#39;uippe</strong></span> <span class='ocrx_word' id='word_1_41' title='bbox 628 987 659 1044; x_wconf 90' lang='lat' dir='ltr'><strong>in</strong></span> <span class='ocrx_word' id='word_1_42' title='bbox 682 1005 718 1046; x_wconf 90' lang='lat' dir='ltr'><strong>eo</strong></span> <span class='ocrx_word' id='word_1_43' title='bbox 740 985 831 1046; x_wconf 79' lang='lat' dir='ltr'><strong>nauita</strong></span> <span class='ocrx_word' id='word_1_44' title='bbox 860 986 1055 1066; x_wconf 86' lang='lat' dir='ltr'><strong>reperiuntur</strong></span> <span class='ocrx_word' id='word_1_45' title='bbox 1075 987 1205 1050; x_wconf 86' lang='lat' dir='ltr'><strong>menda:</strong></span> 
     </span>
     <span class='ocr_line' id='line_1_7' title="bbox 92 1079 1206 1164; baseline 0.001 -21"><span class='ocrx_word' id='word_1_46' title='bbox 92 1083 246 1164; x_wconf 80' lang='lat' dir='ltr'><strong>praeterea</strong></span> <span class='ocrx_word' id='word_1_47' title='bbox 265 1081 476 1142; x_wconf 74' lang='lat' dir='ltr'><strong>desiderantur</strong></span> <span class='ocrx_word' id='word_1_48' title='bbox 497 1090 558 1143; x_wconf 90' lang='lat' dir='ltr'><strong>tres</strong></span> <span class='ocrx_word' id='word_1_49' title='bbox 572 1079 691 1143; x_wconf 83' lang='lat' dir='ltr'><strong>&#39;satirae</strong></span> <span class='ocrx_word' id='word_1_50' title='bbox 722 1080 871 1142; x_wconf 85' lang='lat' dir='ltr'><strong>luvenalis</strong></span> <span class='ocrx_word' id='word_1_51' title='bbox 891 1081 1026 1162; x_wconf 77' lang='lat' dir='ltr'>priores,</span> <span class='ocrx_word' id='word_1_52' title='bbox 1052 1080 1133 1142; x_wconf 85' lang='lat' dir='ltr'><strong>&#39;aliae</strong></span> <span class='ocrx_word' id='word_1_53' title='bbox 1164 1083 1206 1144; x_wconf 92' lang='lat' dir='ltr'><strong>ita</strong></span> 
     </span>
     <span class='ocr_line' id='line_1_8' title="bbox 16 1175 1206 1259; baseline -0.002 -19"><span class='ocrx_word' id='word_1_54' title='bbox 16 1199 18 1228; x_wconf 66' lang='grc' dir='ltr'><strong>ι</strong></span> <span class='ocrx_word' id='word_1_55' title='bbox 93 1177 291 1240; x_wconf 76' lang='lat' dir='ltr'><strong>ordinantur:</strong></span> <span class='ocrx_word' id='word_1_56' title='bbox 322 1181 351 1252; x_wconf 78' lang='grc'><strong>4.</strong></span> <span class='ocrx_word' id='word_1_57' title='bbox 374 1175 402 1239; x_wconf 84' lang='grc'><strong>5.</strong></span> <span class='ocrx_word' id='word_1_58' title='bbox 430 1179 474 1239; x_wconf 81' lang='lat'><strong>13.</strong></span> <span class='ocrx_word' id='word_1_59' title='bbox 500 1179 543 1250; x_wconf 64' lang='grc' dir='ltr'><strong>ιζ..</strong></span> <span class='ocrx_word' id='word_1_60' title='bbox 562 1178 607 1239; x_wconf 89' lang='grc' dir='ltr'><strong>ι5.</strong></span> <span class='ocrx_word' id='word_1_61' title='bbox 626 1178 668 1239; x_wconf 79' lang='lat' dir='ltr'><strong>ali.</strong></span> <span class='ocrx_word' id='word_1_62' title='bbox 695 1191 812 1237; x_wconf 84' lang='grc' dir='ltr'><strong>ιο.ἰι.</strong></span> <span class='ocrx_word' id='word_1_63' title='bbox 839 1199 883 1236; x_wconf 87' lang='lat'><strong>12.</strong></span> <span class='ocrx_word' id='word_1_64' title='bbox 904 1181 933 1238; x_wconf 98' lang='grc'><strong>8.</strong></span> <span class='ocrx_word' id='word_1_65' title='bbox 949 1199 977 1258; x_wconf 76' lang='lat'><strong>9.</strong></span> <span class='ocrx_word' id='word_1_66' title='bbox 1003 1177 1116 1248; x_wconf 85' lang='lat' dir='ltr'><strong>(cuius</strong></span> <span class='ocrx_word' id='word_1_67' title='bbox 1136 1199 1206 1259; x_wconf 85' lang='lat' dir='ltr'><strong>pars</strong></span> 
     </span>
     <span class='ocr_line' id='line_1_9' title="bbox 90 1269 1205 1352; baseline -0.004 -18"><span class='ocrx_word' id='word_1_68' title='bbox 90 1273 188 1334; x_wconf 85' lang='lat' dir='ltr'><strong>media</strong></span> <span class='ocrx_word' id='word_1_69' title='bbox 209 1271 293 1332; x_wconf 82' lang='lat' dir='ltr'><strong>deest</strong></span> <span class='ocrx_word' id='word_1_70' title='bbox 313 1293 329 1330; x_wconf 91' lang='lat' dir='ltr'><strong>a</strong></span> <span class='ocrx_word' id='word_1_71' title='bbox 350 1295 377 1331; x_wconf 87' lang='lat' dir='ltr'><strong>v.</strong></span> <span class='ocrx_word' id='word_1_72' title='bbox 399 1271 472 1344; x_wconf 83' lang='grc'><strong>38.)</strong></span> <span class='ocrx_word' id='word_1_73' title='bbox 496 1291 523 1352; x_wconf 84' lang='lat'><strong>7·</strong></span> <span class='ocrx_word' id='word_1_74' title='bbox 536 1273 564 1332; x_wconf 87' lang='grc'><strong>6.</strong></span> <span class='ocrx_word' id='word_1_75' title='bbox 585 1271 638 1330; x_wconf 87' lang='lat' dir='ltr'><strong>llis</strong></span> <span class='ocrx_word' id='word_1_76' title='bbox 659 1270 734 1332; x_wconf 88' lang='lat' dir='ltr'><strong>adde</strong></span> <span class='ocrx_word' id='word_1_77' title='bbox 755 1271 903 1332; x_wconf 75' lang='lat' dir='ltr'><strong>Martialis</strong></span> <span class='ocrx_word' id='word_1_78' title='bbox 931 1269 1025 1331; x_wconf 87' lang='lat' dir='ltr'><strong>libros</strong></span> <span class='ocrx_word' id='word_1_79' title='bbox 1047 1282 1106 1332; x_wconf 84' lang='lat' dir='ltr'><strong>tres</strong></span> <span class='ocrx_word' id='word_1_80' title='bbox 1132 1282 1205 1330; x_wconf 87' lang='lat' dir='ltr'><strong>tan-</strong></span> 
     </span>
     <span class='ocr_line' id='line_1_10' title="bbox 90 1363 1205 1448; baseline 0 -21"><span class='ocrx_word' id='word_1_81' title='bbox 90 1378 172 1440; x_wconf 88' lang='lat' dir='ltr'><strong>tum,</strong></span> <span class='ocrx_word' id='word_1_82' title='bbox 193 1366 312 1448; x_wconf 82' lang='lat' dir='ltr'><strong>aliquot</strong></span> <span class='ocrx_word' id='word_1_83' title='bbox 331 1365 442 1426; x_wconf 78' lang='lat' dir='ltr'><strong>Catulli</strong></span> <span class='ocrx_word' id='word_1_84' title='bbox 472 1364 705 1446; x_wconf 80' lang='lat' dir='ltr'><strong>epigrammata,</strong></span> <span class='ocrx_word' id='word_1_85' title='bbox 739 1365 930 1446; x_wconf 83' lang='lat' dir='ltr'><strong>Pervigilinm</strong></span> <span class='ocrx_word' id='word_1_86' title='bbox 951 1363 1077 1426; x_wconf 82' lang='lat' dir='ltr'><strong>Veneris</strong></span> <span class='ocrx_word' id='word_1_87' title='bbox 1099 1377 1128 1426; x_wconf 91' lang='lat' dir='ltr'><strong>et</strong></span> <span class='ocrx_word' id='word_1_88' title='bbox 1147 1366 1205 1427; x_wconf 88' lang='lat' dir='ltr'><strong>alia</strong></span> 
     </span>
     <span class='ocr_line' id='line_1_11' title="bbox 90 1457 1205 1552; baseline 0 -34"><span class='ocrx_word' id='word_1_89' title='bbox 90 1458 231 1541; x_wconf 87' lang='lat' dir='ltr'><strong>quaedam</strong></span> <span class='ocrx_word' id='word_1_90' title='bbox 248 1458 391 1541; x_wconf 86' lang='lat' dir='ltr'><strong>opuscula</strong></span> <span class='ocrx_word' id='word_1_91' title='bbox 411 1460 529 1540; x_wconf 74' lang='lat' dir='ltr'><strong>poetica</strong></span> <span class='ocrx_word' id='word_1_92' title='bbox 545 1459 661 1518; x_wconf 86' lang='lat' dir='ltr'><strong>minimi</strong></span> <span class='ocrx_word' id='word_1_93' title='bbox 685 1459 908 1552; x_wconf 45' lang='lat' dir='ltr'><strong>pretii3l³rimo</strong></span> <span class='ocrx_word' id='word_1_94' title='bbox 921 1457 1013 1532; x_wconf 84' lang='lat' dir='ltr'><strong>solio,</strong></span> <span class='ocrx_word' id='word_1_95' title='bbox 1035 1457 1117 1539; x_wconf 92' lang='lat' dir='ltr'><strong>quod</strong></span> <span class='ocrx_word' id='word_1_96' title='bbox 1131 1457 1205 1520; x_wconf 88' lang='lat' dir='ltr'><strong>dici-</strong></span> 
     </span>
     <span class='ocr_line' id='line_1_12' title="bbox 90 1552 1204 1636; baseline -0.003 -23"><span class='ocrx_word' id='word_1_97' title='bbox 90 1554 274 1636; x_wconf 86' lang='lat' dir='ltr'><strong>musseaille</strong></span> <span class='ocrx_word' id='word_1_98' title='bbox 294 1553 333 1612; x_wconf 82' lang='lat' dir='ltr'><strong>de</strong></span> <span class='ocrx_word' id='word_1_99' title='bbox 351 1554 471 1636; x_wconf 82' lang='lat' dir='ltr'><strong>garde,</strong></span> <span class='ocrx_word' id='word_1_100' title='bbox 504 1554 607 1614; x_wconf 88' lang='lat' dir='ltr'><strong>ultima</strong></span> <span class='ocrx_word' id='word_1_101' title='bbox 642 1554 743 1628; x_wconf 88' lang='lat' dir='ltr'><strong>linea,</strong></span> <span class='ocrx_word' id='word_1_102' title='bbox 773 1553 874 1614; x_wconf 87' lang='lat' dir='ltr'><strong>eadem</strong></span> <span class='ocrx_word' id='word_1_103' title='bbox 897 1574 1006 1625; x_wconf 89' lang='lat' dir='ltr'><strong>manu,</strong></span> <span class='ocrx_word' id='word_1_104' title='bbox 1029 1552 1082 1613; x_wconf 84' lang='lat' dir='ltr'><strong>sed</strong></span> <span class='ocrx_word' id='word_1_105' title='bbox 1103 1556 1204 1615; x_wconf 60' lang='lat' dir='ltr'><strong>maiu-</strong></span> 
     </span>
     <span class='ocr_line' id='line_1_13' title="bbox 89 1643 1200 1729; baseline -0.002 -21"><span class='ocrx_word' id='word_1_106' title='bbox 89 1647 167 1708; x_wconf 84' lang='lat' dir='ltr'><strong>scnlc</strong></span> <span class='ocrx_word' id='word_1_107' title='bbox 187 1643 385 1721; x_wconf 78' lang='lat' dir='ltr'><strong>charactere,</strong></span> <span class='ocrx_word' id='word_1_108' title='bbox 406 1645 481 1708; x_wconf 88' lang='lat' dir='ltr'><strong>haec</strong></span> <span class='ocrx_word' id='word_1_109' title='bbox 501 1647 613 1729; x_wconf 86' lang='lat' dir='ltr'><strong>scripta</strong></span> <span class='ocrx_word' id='word_1_110' title='bbox 627 1657 717 1708; x_wconf 88' lang='lat' dir='ltr'><strong>suat:</strong></span> <span class='ocrx_word' id='word_1_111' title='bbox 1196 1657 1200 1668; x_wconf 91' lang='lat'>&#39;</span> 
     </span>
     <span class='ocr_line' id='line_1_14' title="bbox 16 1740 886 1826; baseline 0 -26"><span class='ocrx_word' id='word_1_112' title='bbox 16 1757 18 1800; x_wconf 78' lang='lat' dir='ltr'><strong>t</strong></span> <span class='ocrx_word' id='word_1_113' title='bbox 91 1768 94 1778; x_wconf 95' lang='lat'><em>·</em></span> <span class='ocrx_word' id='word_1_114' title='bbox 124 1740 278 1802; x_wconf 80' lang='lat' dir='ltr'><strong>luvenalis</strong></span> <span class='ocrx_word' id='word_1_115' title='bbox 299 1761 336 1802; x_wconf 86' lang='lat' dir='ltr'><strong>ex</strong></span> <span class='ocrx_word' id='word_1_116' title='bbox 357 1741 573 1826; x_wconf 80' lang='lat' dir='ltr'><strong>orthographia</strong></span> <span class='ocrx_word' id='word_1_117' title='bbox 593 1741 690 1802; x_wconf 77' lang='lat' dir='ltr'><strong>bedae</strong></span> <span class='ocrx_word' id='word_1_118' title='bbox 712 1742 886 1824; x_wconf 75' lang='lat' dir='ltr'><strong>presbyteri.</strong></span> 
     </span>
    </p>

    <p class='ocr_par' dir='ltr' id='par_1_3' title="bbox 16 1835 1208 2770">
     <span class='ocr_line' id='line_1_15' title="bbox 122 1835 910 1917; baseline 0.001 -21"><span class='ocrx_word' id='word_1_119' title='bbox 122 1835 150 1896; x_wconf 88' lang='lat'><strong>5.</strong></span> <span class='ocrx_word' id='word_1_120' title='bbox 174 1835 257 1896; x_wconf 80' lang='lat' dir='ltr'><strong>cod.</strong></span> <span class='ocrx_word' id='word_1_121' title='bbox 276 1837 442 1897; x_wconf 81' lang='lat' dir='ltr'><strong>Fauclretti.</strong></span> <span class='ocrx_word' id='word_1_122' title='bbox 465 1845 477 1908; x_wconf 88' lang='lat'>(</span> <span class='ocrx_word' id='word_1_123' title='bbox 492 1858 521 1896; x_wconf 88' lang='grc'><strong>0.</strong></span> <span class='ocrx_word' id='word_1_124' title='bbox 534 1839 622 1917; x_wconf 81' lang='grc'><strong>8070.</strong></span> <span class='ocrx_word' id='word_1_125' title='bbox 633 1847 660 1908; x_wconf 69' lang='grc'><strong>).</strong></span> <span class='ocrx_word' id='word_1_126' title='bbox 907 1897 910 1903; x_wconf 79' lang='grc'><strong>,</strong></span> 
     </span>
     <span class='ocr_line' id='line_1_16' title="bbox 91 1928 1204 2007; baseline 0.006 -20"><span class='ocrx_word' id='word_1_127' title='bbox 91 1928 341 1992; x_wconf 85' lang='lat' dir='ltr'><strong>ldembranaceus</strong></span> <span class='ocrx_word' id='word_1_128' title='bbox 361 1932 393 1990; x_wconf 93' lang='lat' dir='ltr'><strong>in</strong></span> <span class='ocrx_word' id='word_1_129' title='bbox 413 1929 536 1992; x_wconf 75' lang='lat' dir='ltr'><strong>fot‘rss</strong></span> <span class='ocrx_word' id='word_1_130' title='bbox 555 1951 632 1992; x_wconf 88' lang='lat' dir='ltr'><strong>saec.</strong></span> <span class='ocrx_word' id='word_1_131' title='bbox 654 1937 812 2004; x_wconf 80' lang='lat' dir='ltr'><strong>exaratus,</strong></span> <span class='ocrx_word' id='word_1_132' title='bbox 843 1941 984 1992; x_wconf 83' lang='lat' dir='ltr'><strong>constans</strong></span> <span class='ocrx_word' id='word_1_133' title='bbox 1019 1935 1070 2006; x_wconf 75' lang='lat'><strong>¹41</strong></span> <span class='ocrx_word' id='word_1_134' title='bbox 1103 1932 1204 2007; x_wconf 88' lang='lat' dir='ltr'><strong>loliis,</strong></span> 
     </span>
     <span class='ocr_line' id='line_1_17' title="bbox 92 2021 1205 2108; baseline 0.005 -26"><span class='ocrx_word' id='word_1_135' title='bbox 92 2023 215 2104; x_wconf 69' lang='lat' dir='ltr'><strong>eleganti</strong></span> <span class='ocrx_word' id='word_1_136' title='bbox 235 2024 326 2085; x_wconf 87' lang='lat' dir='ltr'><strong>simul</strong></span> <span class='ocrx_word' id='word_1_137' title='bbox 345 2035 376 2086; x_wconf 91' lang='lat' dir='ltr'><strong>et</strong></span> <span class='ocrx_word' id='word_1_138' title='bbox 395 2021 482 2086; x_wconf 80' lang='lat' dir='ltr'><strong>docta</strong></span> <span class='ocrx_word' id='word_1_139' title='bbox 504 2047 595 2086; x_wconf 85' lang='lat' dir='ltr'><strong>manu</strong></span> <span class='ocrx_word' id='word_1_140' title='bbox 608 2027 751 2108; x_wconf 86' lang='lat' dir='ltr'><strong>scriptus,</strong></span> <span class='ocrx_word' id='word_1_141' title='bbox 771 2027 943 2088; x_wconf 86' lang='lat' dir='ltr'><strong>charactere</strong></span> <span class='ocrx_word' id='word_1_142' title='bbox 956 2026 1078 2108; x_wconf 87' lang='lat' dir='ltr'><strong>quidem</strong></span> <span class='ocrx_word' id='word_1_143' title='bbox 1100 2028 1205 2088; x_wconf 89' lang='lat' dir='ltr'><strong>minu·</strong></span> 
     </span>
     <span class='ocr_line' id='line_1_18' title="bbox 91 2117 1205 2206; baseline 0.005 -28"><span class='ocrx_word' id='word_1_144' title='bbox 91 2119 217 2191; x_wconf 74' lang='lat' dir='ltr'><strong>ussimo,</strong></span> <span class='ocrx_word' id='word_1_145' title='bbox 239 2117 294 2181; x_wconf 82' lang='lat' dir='ltr'><strong>sed</strong></span> <span class='ocrx_word' id='word_1_146' title='bbox 309 2119 408 2180; x_wconf 89' lang='lat' dir='ltr'><strong>nitido</strong></span> <span class='ocrx_word' id='word_1_147' title='bbox 428 2129 458 2180; x_wconf 88' lang='lat' dir='ltr'><strong>et</strong></span> <span class='ocrx_word' id='word_1_148' title='bbox 479 2119 558 2180; x_wconf 87' lang='lat' dir='ltr'><strong>lectu</strong></span> <span class='ocrx_word' id='word_1_149' title='bbox 578 2119 681 2193; x_wconf 86' lang='lat' dir='ltr'><strong>sacili,</strong></span> <span class='ocrx_word' id='word_1_150' title='bbox 701 2121 888 2202; x_wconf 88' lang='lat' dir='ltr'><strong>quiquidem</strong></span> <span class='ocrx_word' id='word_1_151' title='bbox 910 2123 1022 2182; x_wconf 92' lang='lat' dir='ltr'><strong>ebono</strong></span> <span class='ocrx_word' id='word_1_152' title='bbox 1036 2122 1205 2206; x_wconf 85' lang='lat' dir='ltr'><strong>exemplari</strong></span> 
     </span>
     <span class='ocr_line' id='line_1_19' title="bbox 92 2211 1204 2279; baseline 0.004 -7"><span class='ocrx_word' id='word_1_153' title='bbox 92 2215 193 2272; x_wconf 86' lang='lat' dir='ltr'><strong>ductus</strong></span> <span class='ocrx_word' id='word_1_154' title='bbox 213 2211 346 2274; x_wconf 80' lang='lat' dir='ltr'><strong>videtur.</strong></span> <span class='ocrx_word' id='word_1_155' title='bbox 366 2213 495 2274; x_wconf 84' lang='lat' dir='ltr'><strong>Exhihet</strong></span> <span class='ocrx_word' id='word_1_156' title='bbox 515 2214 663 2276; x_wconf 79' lang='lat' dir='ltr'><strong>Iuvenalis</strong></span> <span class='ocrx_word' id='word_1_157' title='bbox 683 2215 788 2274; x_wconf 82' lang='lat' dir='ltr'><strong>satiras</strong></span> <span class='ocrx_word' id='word_1_158' title='bbox 808 2237 877 2276; x_wconf 90' lang='lat' dir='ltr'><strong>cum</strong></span> <span class='ocrx_word' id='word_1_159' title='bbox 903 2217 1121 2276; x_wconf 87' lang='lat' dir='ltr'><strong>commentario</strong></span> <span class='ocrx_word' id='word_1_160' title='bbox 1141 2237 1204 2279; x_wconf 89' lang='lat' dir='ltr'><strong>non</strong></span> 
     </span>
     <span class='ocr_line' id='line_1_20' title="bbox 95 2307 1205 2394; baseline 0.006 -28"><span class='ocrx_word' id='word_1_161' title='bbox 95 2307 207 2387; x_wconf 74' lang='lat' dir='ltr'><strong>integro</strong></span> <span class='ocrx_word' id='word_1_162' title='bbox 228 2309 390 2390; x_wconf 87' lang='lat' dir='ltr'><strong>(quinque</strong></span> <span class='ocrx_word' id='word_1_163' title='bbox 405 2320 523 2370; x_wconf 87' lang='lat' dir='ltr'><strong>tantum</strong></span> <span class='ocrx_word' id='word_1_164' title='bbox 545 2310 661 2392; x_wconf 82' lang='lat' dir='ltr'><strong>priores</strong></span> <span class='ocrx_word' id='word_1_165' title='bbox 690 2310 794 2370; x_wconf 83' lang='lat' dir='ltr'><strong>satiras</strong></span> <span class='ocrx_word' id='word_1_166' title='bbox 814 2310 1048 2392; x_wconf 87' lang='lat' dir='ltr'><strong>complectitur)</strong></span> <span class='ocrx_word' id='word_1_167' title='bbox 1074 2333 1205 2394; x_wconf 83' lang='lat' dir='ltr'><strong>cumque</strong></span> 
     </span>
     <span class='ocr_line' id='line_1_21' title="bbox 96 2400 1205 2484; baseline 0.004 -22"><span class='ocrx_word' id='word_1_168' title='bbox 96 2401 210 2462; x_wconf 88' lang='lat' dir='ltr'><strong>scholiis</strong></span> <span class='ocrx_word' id='word_1_169' title='bbox 221 2400 259 2461; x_wconf 85' lang='lat' dir='ltr'><strong>sd</strong></span> <span class='ocrx_word' id='word_1_170' title='bbox 275 2403 445 2483; x_wconf 82' lang='lat' dir='ltr'><strong>marginem</strong></span> <span class='ocrx_word' id='word_1_171' title='bbox 461 2413 490 2464; x_wconf 86' lang='lat' dir='ltr'><strong>et</strong></span> <span class='ocrx_word' id='word_1_172' title='bbox 510 2404 590 2464; x_wconf 89' lang='lat' dir='ltr'><strong>inter</strong></span> <span class='ocrx_word' id='word_1_173' title='bbox 609 2403 702 2464; x_wconf 88' lang='lat' dir='ltr'><strong>lineas</strong></span> <span class='ocrx_word' id='word_1_174' title='bbox 725 2403 859 2484; x_wconf 69' lang='lat' dir='ltr'><strong>scriptis,</strong></span> <span class='ocrx_word' id='word_1_175' title='bbox 883 2413 1034 2484; x_wconf 88' lang='lat' dir='ltr'><strong>praeterea</strong></span> <span class='ocrx_word' id='word_1_176' title='bbox 1051 2407 1142 2466; x_wconf 88' lang='lat' dir='ltr'><strong>Persii</strong></span> <span class='ocrx_word' id='word_1_177' title='bbox 1154 2429 1205 2466; x_wconf 89' lang='lat' dir='ltr'><strong>sa-</strong></span> 
     </span>
     <span class='ocr_line' id='line_1_22' title="bbox 96 2495 1208 2579; baseline 0.007 -24"><span class='ocrx_word' id='word_1_178' title='bbox 96 2497 168 2556; x_wconf 86' lang='lat' dir='ltr'><strong>tiras</strong></span> <span class='ocrx_word' id='word_1_179' title='bbox 186 2495 238 2556; x_wconf 81' lang='lat' dir='ltr'><strong>Vl.</strong></span> <span class='ocrx_word' id='word_1_180' title='bbox 256 2497 311 2563; x_wconf 89' lang='lat' dir='ltr'><strong>sed</strong></span> <span class='ocrx_word' id='word_1_181' title='bbox 326 2495 353 2556; x_wconf 85' lang='lat' dir='ltr'>x</span> <span class='ocrx_word' id='word_1_182' title='bbox 369 2519 444 2558; x_wconf 78' lang='lat' dir='ltr'><strong>saec</strong></span> <span class='ocrx_word' id='word_1_183' title='bbox 460 2509 601 2560; x_wconf 81' lang='lat' dir='ltr'><strong>exaratas.</strong></span> <span class='ocrx_word' id='word_1_184' title='bbox 630 2501 721 2560; x_wconf 85' lang='lat' dir='ltr'><strong>Hanc</strong></span> <span class='ocrx_word' id='word_1_185' title='bbox 741 2497 879 2558; x_wconf 85' lang='lat' dir='ltr'><strong>codicem</strong></span> <span class='ocrx_word' id='word_1_186' title='bbox 900 2518 988 2579; x_wconf 88' lang='lat' dir='ltr'><strong>saepe</strong></span> <span class='ocrx_word' id='word_1_187' title='bbox 1007 2499 1126 2579; x_wconf 86' lang='lat' dir='ltr'><strong>saepius</strong></span> <span class='ocrx_word' id='word_1_188' title='bbox 1141 2499 1208 2563; x_wconf 85' lang='lat' dir='ltr'><strong>vol-</strong></span> 
     </span>
     <span class='ocr_line' id='line_1_23' title="bbox 98 2591 1205 2672; baseline 0.004 -22"><span class='ocrx_word' id='word_1_189' title='bbox 98 2591 207 2664; x_wconf 73' lang='lat' dir='ltr'><strong>vimus,</strong></span> <span class='ocrx_word' id='word_1_190' title='bbox 226 2591 319 2651; x_wconf 80' lang='lat' dir='ltr'><strong>veluti</strong></span> <span class='ocrx_word' id='word_1_191' title='bbox 340 2592 498 2654; x_wconf 87' lang='lat' dir='ltr'><strong>doctorum</strong></span> <span class='ocrx_word' id='word_1_192' title='bbox 519 2593 684 2654; x_wconf 84' lang='lat' dir='ltr'><strong>attentione</strong></span> <span class='ocrx_word' id='word_1_193' title='bbox 702 2591 924 2672; x_wconf 84' lang='lat' dir='ltr'><strong>dignissimum.</strong></span> <span class='ocrx_word' id='word_1_194' title='bbox 944 2594 990 2652; x_wconf 91' lang='lat' dir='ltr'><strong>lta</strong></span> <span class='ocrx_word' id='word_1_195' title='bbox 1011 2593 1205 2656; x_wconf 69' lang='lat' dir='ltr'><strong>inscribitnrt</strong></span> 
     </span>
     <span class='ocr_line' id='line_1_24' title="bbox 16 2685 1167 2770; baseline 0.001 -25"><span class='ocrx_word' id='word_1_196' title='bbox 16 2763 17 2768; x_wconf 8' lang='grc' dir='ltr'>η</span> <span class='ocrx_word' id='word_1_197' title='bbox 93 2685 383 2770; x_wconf 75' lang='lat' dir='ltr'><strong>Glartdr&#39;s&#39;Fauehetii</strong></span> <span class='ocrx_word' id='word_1_198' title='bbox 396 2690 471 2766; x_wconf 74' lang='lat' dir='ltr'><strong>regii</strong></span> <span class='ocrx_word' id='word_1_199' title='bbox 490 2687 660 2748; x_wconf 85' lang='lat' dir='ltr'><strong>consiliarii</strong></span> <span class='ocrx_word' id='word_1_200' title='bbox 677 2689 779 2748; x_wconf 84' lang='lat' dir='ltr'><strong>cariae</strong></span> <span class='ocrx_word' id='word_1_201' title='bbox 798 2701 985 2748; x_wconf 82' lang='lat' dir='ltr'><strong>monetarum</strong></span> <span class='ocrx_word' id='word_1_202' title='bbox 1004 2687 1167 2765; x_wconf 85' lang='lat' dir='ltr'><strong>praesidis.</strong></span> 
     </span>
    </p>

    <p class='ocr_par' dir='ltr' id='par_1_4' title="bbox 88 2779 1207 4006">
     <span class='ocr_line' id='line_1_25' title="bbox 127 2779 647 2862; baseline 0.01 -22"><span class='ocrx_word' id='word_1_203' title='bbox 127 2781 153 2840; x_wconf 81' lang='lat'><strong>6.</strong></span> <span class='ocrx_word' id='word_1_204' title='bbox 175 2779 291 2842; x_wconf 72' lang='lat' dir='ltr'><strong>codex</strong></span> <span class='ocrx_word' id='word_1_205' title='bbox 314 2783 442 2842; x_wconf 82' lang='lat' dir='ltr'><strong>Pithoei.</strong></span> <span class='ocrx_word' id='word_1_206' title='bbox 464 2783 647 2862; x_wconf 75' lang='grc'><strong>(08070.)</strong></span> 
     </span>
     <span class='ocr_line' id='line_1_26' title="bbox 92 2873 1205 2950; baseline 0.004 -16"><span class='ocrx_word' id='word_1_207' title='bbox 92 2875 262 2936; x_wconf 83' lang='lat' dir='ltr'><strong>ldensbran.</strong></span> <span class='ocrx_word' id='word_1_208' title='bbox 284 2876 316 2934; x_wconf 92' lang='lat' dir='ltr'><strong>in</strong></span> <span class='ocrx_word' id='word_1_209' title='bbox 336 2877 391 2936; x_wconf 84' lang='lat' dir='ltr'><strong>sol.</strong></span> <span class='ocrx_word' id='word_1_210' title='bbox 413 2876 457 2936; x_wconf 85' lang='lat' dir='ltr'><strong>xl</strong></span> <span class='ocrx_word' id='word_1_211' title='bbox 477 2897 554 2938; x_wconf 86' lang='lat' dir='ltr'><strong>saec.</strong></span> <span class='ocrx_word' id='word_1_212' title='bbox 570 2885 723 2950; x_wconf 82' lang='lat' dir='ltr'><strong>exaratus,</strong></span> <span class='ocrx_word' id='word_1_213' title='bbox 743 2884 883 2936; x_wconf 84' lang='lat' dir='ltr'><strong>constans</strong></span> <span class='ocrx_word' id='word_1_214' title='bbox 910 2873 965 2934; x_wconf 80' lang='lat'><strong>113</strong></span> <span class='ocrx_word' id='word_1_215' title='bbox 987 2875 1083 2948; x_wconf 85' lang='lat' dir='ltr'><strong>foliis,</strong></span> <span class='ocrx_word' id='word_1_216' title='bbox 1108 2875 1205 2938; x_wconf 89' lang='lat' dir='ltr'><strong>nitide</strong></span> 
     </span>
     <span class='ocr_line' id='line_1_27' title="bbox 90 2969 1205 3054; baseline 0.003 -25"><span class='ocrx_word' id='word_1_217' title='bbox 90 2977 267 3030; x_wconf 85' lang='lat' dir='ltr'><strong>etaccnrete</strong></span> <span class='ocrx_word' id='word_1_218' title='bbox 286 2969 440 3051; x_wconf 86' lang='lat' dir='ltr'><strong>scriptus,</strong></span> <span class='ocrx_word' id='word_1_219' title='bbox 455 2979 547 3054; x_wconf 87' lang='lat' dir='ltr'><strong>atquo</strong></span> <span class='ocrx_word' id='word_1_220' title='bbox 568 2980 693 3054; x_wconf 79' lang='lat' dir='ltr'><strong>propter</strong></span> <span class='ocrx_word' id='word_1_221' title='bbox 719 2970 961 3032; x_wconf 86' lang='lat' dir='ltr'><strong>emendationem</strong></span> <span class='ocrx_word' id='word_1_222' title='bbox 982 2972 1062 3032; x_wconf 92' lang='lat' dir='ltr'><strong>inter</strong></span> <span class='ocrx_word' id='word_1_223' title='bbox 1076 2971 1205 3051; x_wconf 87' lang='lat' dir='ltr'><strong>optimos</strong></span> 
     </span>
     <span class='ocr_line' id='line_1_28' title="bbox 92 3065 1206 3149; baseline 0.002 -25"><span class='ocrx_word' id='word_1_224' title='bbox 92 3065 313 3137; x_wconf 58' lang='lat' dir='ltr'><strong>recensendum</strong></span> <span class='ocrx_word' id='word_1_225' title='bbox 327 3085 418 3149; x_wconf 84' lang='lat' dir='ltr'><strong>quem</strong></span> <span class='ocrx_word' id='word_1_226' title='bbox 433 3085 495 3128; x_wconf 90' lang='lat' dir='ltr'><strong>non</strong></span> <span class='ocrx_word' id='word_1_227' title='bbox 511 3073 623 3128; x_wconf 79' lang='lat' dir='ltr'><strong>attente</strong></span> <span class='ocrx_word' id='word_1_228' title='bbox 639 3065 738 3127; x_wconf 89' lang='lat' dir='ltr'><strong>minus</strong></span> <span class='ocrx_word' id='word_1_229' title='bbox 759 3087 849 3148; x_wconf 90' lang='lat' dir='ltr'><strong>quam</strong></span> <span class='ocrx_word' id='word_1_230' title='bbox 874 3065 1105 3146; x_wconf 80' lang='lat' dir='ltr'><strong>praecedentem</strong></span> <span class='ocrx_word' id='word_1_231' title='bbox 1132 3086 1206 3146; x_wconf 86' lang='lat' dir='ltr'><strong>per-</strong></span> 
     </span>
     <span class='ocr_line' id='line_1_29' title="bbox 89 3159 1206 3244; baseline 0.002 -26"><span class='ocrx_word' id='word_1_232' title='bbox 89 3161 208 3221; x_wconf 83' lang='lat' dir='ltr'><strong>scrutati</strong></span> <span class='ocrx_word' id='word_1_233' title='bbox 230 3182 344 3220; x_wconf 73' lang='lat' dir='ltr'><strong>sunaus.</strong></span> <span class='ocrx_word' id='word_1_234' title='bbox 367 3160 402 3220; x_wconf 92' lang='lat' dir='ltr'><strong>ln</strong></span> <span class='ocrx_word' id='word_1_235' title='bbox 425 3162 669 3244; x_wconf 86' lang='lat' dir='ltr'><strong>eoreperiuntur</strong></span> <span class='ocrx_word' id='word_1_236' title='bbox 693 3161 768 3222; x_wconf 85' lang='lat' dir='ltr'><strong>Xlll</strong></span> <span class='ocrx_word' id='word_1_237' title='bbox 791 3163 907 3244; x_wconf 85' lang='lat' dir='ltr'><strong>priores</strong></span> <span class='ocrx_word' id='word_1_238' title='bbox 930 3161 1036 3221; x_wconf 85' lang='lat' dir='ltr'><strong>satirae</strong></span> <span class='ocrx_word' id='word_1_239' title='bbox 1056 3159 1206 3223; x_wconf 84' lang='lat' dir='ltr'><strong>luvenalis</strong></span> 
     </span>
     <span class='ocr_line' id='line_1_30' title="bbox 90 3255 1205 3340; baseline 0.004 -28"><span class='ocrx_word' id='word_1_240' title='bbox 90 3255 198 3336; x_wconf 83' lang='lat' dir='ltr'><strong>absque</strong></span> <span class='ocrx_word' id='word_1_241' title='bbox 220 3255 365 3330; x_wconf 85' lang='lat' dir='ltr'><strong>scholiis,</strong></span> <span class='ocrx_word' id='word_1_242' title='bbox 385 3255 503 3316; x_wconf 86' lang='lat' dir='ltr'><strong>Horatii</strong></span> <span class='ocrx_word' id='word_1_243' title='bbox 518 3259 701 3340; x_wconf 84' lang='lat' dir='ltr'><strong>Lyricorum</strong></span> <span class='ocrx_word' id='word_1_244' title='bbox 722 3257 792 3316; x_wconf 88' lang='lat' dir='ltr'><strong>lihri</strong></span> <span class='ocrx_word' id='word_1_245' title='bbox 808 3255 877 3328; x_wconf 82' lang='lat' dir='ltr'><strong>lll,&#39;</strong></span> <span class='ocrx_word' id='word_1_246' title='bbox 890 3256 985 3318; x_wconf 89' lang='lat' dir='ltr'><strong>Persii</strong></span> <span class='ocrx_word' id='word_1_247' title='bbox 1006 3255 1116 3316; x_wconf 86' lang='lat' dir='ltr'><strong>satirae</strong></span> <span class='ocrx_word' id='word_1_248' title='bbox 1133 3276 1205 3326; x_wconf 80' lang='lat' dir='ltr'><strong>sex,</strong></span> 
     </span>
     <span class='ocr_line' id='line_1_31' title="bbox 90 3351 1206 3434; baseline 0 -24"><span class='ocrx_word' id='word_1_249' title='bbox 90 3351 116 3410; x_wconf 86' lang='lat' dir='ltr'><strong>in</strong></span> <span class='ocrx_word' id='word_1_250' title='bbox 138 3373 238 3433; x_wconf 81' lang='lat' dir='ltr'><strong>parvo</strong></span> <span class='ocrx_word' id='word_1_251' title='bbox 271 3351 374 3413; x_wconf 80' lang='lat' dir='ltr'><strong>codice</strong></span> <span class='ocrx_word' id='word_1_252' title='bbox 401 3362 537 3434; x_wconf 86' lang='lat' dir='ltr'><strong>separato</strong></span> <span class='ocrx_word' id='word_1_253' title='bbox 562 3375 597 3414; x_wconf 84' lang='lat'><strong>12</strong></span> <span class='ocrx_word' id='word_1_254' title='bbox 617 3352 699 3414; x_wconf 80' lang='lat' dir='ltr'><strong>loliis</strong></span> <span class='ocrx_word' id='word_1_255' title='bbox 719 3362 897 3426; x_wconf 88' lang='lat' dir='ltr'><strong>constante;</strong></span> <span class='ocrx_word' id='word_1_256' title='bbox 918 3351 1047 3433; x_wconf 89' lang='lat' dir='ltr'><strong>denique</strong></span> <span class='ocrx_word' id='word_1_257' title='bbox 1072 3351 1206 3412; x_wconf 83' lang='lat' dir='ltr'><strong>eiusdem</strong></span> 
     </span>
     <span class='ocr_line' id='line_1_32' title="bbox 89 3445 1207 3527; baseline 0.002 -23"><span class='ocrx_word' id='word_1_258' title='bbox 89 3445 236 3506; x_wconf 73' lang='lat' dir='ltr'><strong>luvenalis</strong></span> <span class='ocrx_word' id='word_1_259' title='bbox 251 3449 359 3508; x_wconf 90' lang='lat' dir='ltr'><strong>satirae</strong></span> <span class='ocrx_word' id='word_1_260' title='bbox 375 3448 450 3508; x_wconf 82' lang='lat'><strong>1.·11.</strong></span> <span class='ocrx_word' id='word_1_261' title='bbox 471 3449 524 3508; x_wconf 89' lang='lat' dir='ltr'><strong>lll.</strong></span> <span class='ocrx_word' id='word_1_262' title='bbox 541 3447 578 3507; x_wconf 88' lang='lat' dir='ltr'><strong>V.</strong></span> <span class='ocrx_word' id='word_1_263' title='bbox 594 3445 644 3508; x_wconf 83' lang='lat' dir='ltr'><strong>Vl.</strong></span> <span class='ocrx_word' id='word_1_264' title='bbox 665 3455 844 3527; x_wconf 81' lang='lat' dir='ltr'><strong>&#39;repetuntur</strong></span> <span class='ocrx_word' id='word_1_265' title='bbox 856 3469 924 3508; x_wconf 86' lang='lat' dir='ltr'><strong>cnm</strong></span> <span class='ocrx_word' id='word_1_266' title='bbox 940 3447 1113 3526; x_wconf 81' lang='lat' dir='ltr'><strong>fragmentis</strong></span> <span class='ocrx_word' id='word_1_267' title='bbox 1128 3447 1207 3506; x_wconf 90' lang='lat' dir='ltr'><strong>alio-</strong></span> 
     </span>
     <span class='ocr_line' id='line_1_33' title="bbox 89 3545 1207 3625; baseline 0.001 -21"><span class='ocrx_word' id='word_1_268' title='bbox 89 3565 147 3604; x_wconf 85' lang='lat' dir='ltr'><strong>rum</strong></span> <span class='ocrx_word' id='word_1_269' title='bbox 170 3545 343 3604; x_wconf 88' lang='lat' dir='ltr'><strong>recentiori</strong></span> <span class='ocrx_word' id='word_1_270' title='bbox 366 3547 459 3604; x_wconf 83' lang='lat' dir='ltr'><strong>manu</strong></span> <span class='ocrx_word' id='word_1_271' title='bbox 480 3545 606 3625; x_wconf 85' lang='lat' dir='ltr'><strong>scriptae</strong></span> <span class='ocrx_word' id='word_1_272' title='bbox 627 3565 660 3605; x_wconf 89' lang='lat' dir='ltr'><strong>ac</strong></span> <span class='ocrx_word' id='word_1_273' title='bbox 685 3545 802 3606; x_wconf 87' lang='lat' dir='ltr'><strong>mendis</strong></span> <span class='ocrx_word' id='word_1_274' title='bbox 823 3545 962 3604; x_wconf 83' lang='lat' dir='ltr'><strong>refertae.</strong></span> <span class='ocrx_word' id='word_1_275' title='bbox 983 3545 1085 3604; x_wconf 86' lang='lat' dir='ltr'><strong>Primo</strong></span> <span class='ocrx_word' id='word_1_276' title='bbox 1105 3553 1207 3605; x_wconf 81' lang='lat' dir='ltr'><strong>autem</strong></span> 
     </span>
     <span class='ocr_line' id='line_1_34' title="bbox 88 3639 1206 3722; baseline 0.001 -24"><span class='ocrx_word' id='word_1_277' title='bbox 88 3639 295 3722; x_wconf 80' lang='lat' dir='ltr'><strong>loholegitur</strong></span> <span class='ocrx_word' id='word_1_278' title='bbox 317 3639 375 3700; x_wconf 91' lang='lat' dir='ltr'><strong>hoc</strong></span> <span class='ocrx_word' id='word_1_279' title='bbox 395 3659 527 3712; x_wconf 91' lang='lat' dir='ltr'><strong>nomen,</strong></span> <span class='ocrx_word' id='word_1_280' title='bbox 556 3641 596 3698; x_wconf 87' lang='lat' dir='ltr'><strong>P.</strong></span> <span class='ocrx_word' id='word_1_281' title='bbox 617 3643 778 3713; x_wconf 81' lang='lat' dir='ltr'><strong>Pithoeus,</strong></span> <span class='ocrx_word' id='word_1_282' title='bbox 805 3661 895 3700; x_wconf 87' lang='lat' dir='ltr'><strong>manu</strong></span> <span class='ocrx_word' id='word_1_283' title='bbox 917 3639 1009 3720; x_wconf 87' lang='lat' dir='ltr'><strong>ipsius</strong></span> <span class='ocrx_word' id='word_1_284' title='bbox 1031 3639 1206 3718; x_wconf 86' lang='lat' dir='ltr'><strong>possessoris</strong></span> 
     </span>
     <span class='ocr_line' id='line_1_35' title="bbox 89 3723 1206 3816; baseline -0.002 -22"><span class='ocrx_word' id='word_1_285' title='bbox 89 3735 248 3816; x_wconf 82' lang='lat' dir='ltr'><strong>scriptum.</strong></span> <span class='ocrx_word' id='word_1_286' title='bbox 270 3733 355 3794; x_wconf 87' lang='lat' dir='ltr'><strong>ldem</strong></span> <span class='ocrx_word' id='word_1_287' title='bbox 375 3733 471 3794; x_wconf 84' lang='lat' dir='ltr'><strong>codex</strong></span> <span class='ocrx_word' id='word_1_288' title='bbox 490 3733 603 3795; x_wconf 83' lang='lat' dir='ltr'><strong>exinde</strong></span> <span class='ocrx_word' id='word_1_289' title='bbox 622 3735 741 3796; x_wconf 85' lang='lat' dir='ltr'><strong>transiit</strong></span> <span class='ocrx_word' id='word_1_290' title='bbox 755 3733 786 3793; x_wconf 90' lang='lat' dir='ltr'><strong>in</strong></span> <span class='ocrx_word' id='word_1_291' title='bbox 811 3723 1027 3794; x_wconf 86' lang='lat' dir='ltr'><strong>bibliothecam</strong></span> <span class='ocrx_word' id='word_1_292' title='bbox 1051 3733 1109 3792; x_wconf 85' lang='lat' dir='ltr'><strong>lac.</strong></span> <span class='ocrx_word' id='word_1_293' title='bbox 1129 3736 1206 3812; x_wconf 76' lang='lat' dir='ltr'><strong>Aug.</strong></span> 
     </span>
     <span class='ocr_line' id='line_1_36' title="bbox 90 3827 1206 3911; baseline -0.005 -21"><span class='ocrx_word' id='word_1_294' title='bbox 90 3831 232 3903; x_wconf 84' lang='lat' dir='ltr'><strong>Thuani,</strong></span> <span class='ocrx_word' id='word_1_295' title='bbox 253 3839 354 3910; x_wconf 88' lang='lat' dir='ltr'><strong>postea</strong></span> <span class='ocrx_word' id='word_1_296' title='bbox 375 3828 533 3906; x_wconf 85' lang='lat' dir='ltr'><strong>Colherti,</strong></span> <span class='ocrx_word' id='word_1_297' title='bbox 552 3829 674 3890; x_wconf 86' lang='lat' dir='ltr'><strong>demum</strong></span> <span class='ocrx_word' id='word_1_298' title='bbox 691 3840 765 3911; x_wconf 84' lang='lat' dir='ltr'><strong>-post</strong></span> <span class='ocrx_word' id='word_1_299' title='bbox 784 3839 916 3890; x_wconf 86' lang='lat' dir='ltr'><strong>mortem</strong></span> <span class='ocrx_word' id='word_1_300' title='bbox 934 3828 1021 3888; x_wconf 87' lang='lat' dir='ltr'><strong>huius</strong></span> <span class='ocrx_word' id='word_1_301' title='bbox 1043 3827 1122 3887; x_wconf 86' lang='lat' dir='ltr'><strong>inter</strong></span> <span class='ocrx_word' id='word_1_302' title='bbox 1141 3827 1206 3884; x_wconf 87' lang='lat' dir='ltr'><strong>Re-</strong></span> 
     </span>
     <span class='ocr_line' id='line_1_37' title="bbox 88 3923 378 4006; baseline -0.007 -22"><span class='ocrx_word' id='word_1_303' title='bbox 88 3923 146 4006; x_wconf 75' lang='lat' dir='ltr'><strong>gios</strong></span> <span class='ocrx_word' id='word_1_304' title='bbox 163 3924 234 3984; x_wconf 83' lang='lat' dir='ltr'><strong>suit</strong></span> <span class='ocrx_word' id='word_1_305' title='bbox 254 3923 378 3984; x_wconf 63' lang='lat' dir='ltr'><strong>relatus}</strong></span> 
     </span>
    </p>

    <p class='ocr_par' dir='ltr' id='par_1_5' title="bbox 88 4017 1206 4481">
     <span class='ocr_line' id='line_1_38' title="bbox 126 4017 642 4102; baseline 0 -22"><span class='ocrx_word' id='word_1_306' title='bbox 126 4041 153 4102; x_wconf 77' lang='lat'><strong>7.</strong></span> <span class='ocrx_word' id='word_1_307' title='bbox 176 4019 378 4080; x_wconf 81' lang='lat' dir='ltr'><strong>Colbertu&#39;nus</strong></span> <span class='ocrx_word' id='word_1_308' title='bbox 397 4017 437 4078; x_wconf 91' lang='lat' dir='ltr'><strong>ll.</strong></span> <span class='ocrx_word' id='word_1_309' title='bbox 459 4028 514 4090; x_wconf 89' lang='lat' dir='ltr'><strong>(n.</strong></span> <span class='ocrx_word' id='word_1_310' title='bbox 530 4018 642 4090; x_wconf 79' lang='lat'><strong>8285.)</strong></span> 
     </span>
     <span class='ocr_line' id='line_1_39' title="bbox 91 4109 1206 4187; baseline -0.008 -12"><span class='ocrx_word' id='word_1_311' title='bbox 91 4113 160 4175; x_wconf 83' lang='lat' dir='ltr'><strong>Cod.</strong></span> <span class='ocrx_word' id='word_1_312' title='bbox 183 4113 361 4175; x_wconf 75' lang='lat' dir='ltr'><strong>membran.</strong></span> <span class='ocrx_word' id='word_1_313' title='bbox 383 4113 415 4172; x_wconf 89' lang='lat' dir='ltr'><strong>in</strong></span> <span class='ocrx_word' id='word_1_314' title='bbox 437 4116 497 4187; x_wconf 65' lang='lat' dir='ltr'><strong>lto.</strong></span> <span class='ocrx_word' id='word_1_315' title='bbox 512 4117 585 4174; x_wconf 90' lang='lat' dir='ltr'><strong>min.</strong></span> <span class='ocrx_word' id='word_1_316' title='bbox 605 4121 743 4174; x_wconf 86' lang='lat' dir='ltr'><strong>constans</strong></span> <span class='ocrx_word' id='word_1_317' title='bbox 763 4112 802 4172; x_wconf 85' lang='grc'><strong>60</strong></span> <span class='ocrx_word' id='word_1_318' title='bbox 818 4110 914 4183; x_wconf 86' lang='lat' dir='ltr'><strong>loliis,</strong></span> <span class='ocrx_word' id='word_1_319' title='bbox 937 4109 995 4170; x_wconf 86' lang='lat' dir='ltr'><strong>llll</strong></span> <span class='ocrx_word' id='word_1_320' title='bbox 1007 4131 1082 4170; x_wconf 85' lang='lat' dir='ltr'><strong>saec.</strong></span> <span class='ocrx_word' id='word_1_321' title='bbox 1103 4123 1206 4170; x_wconf 75' lang='lat' dir='ltr'><strong>exara:</strong></span> 
     </span>
     <span class='ocr_line' id='line_1_40' title="bbox 88 4205 1205 4290; baseline -0.007 -18"><span class='ocrx_word' id='word_1_322' title='bbox 88 4219 131 4272; x_wconf 75' lang='lat' dir='ltr'><strong>tus</strong></span> <span class='ocrx_word' id='word_1_323' title='bbox 150 4210 335 4271; x_wconf 77' lang='lat' dir='ltr'><strong>charactere</strong></span> <span class='ocrx_word' id='word_1_324' title='bbox 351 4209 501 4285; x_wconf 82' lang='lat' dir='ltr'><strong>Gothico,</strong></span> <span class='ocrx_word' id='word_1_325' title='bbox 522 4207 781 4290; x_wconf 74' lang='lat' dir='ltr'><strong>nequeeleganti,</strong></span> <span class='ocrx_word' id='word_1_326' title='bbox 799 4205 1016 4289; x_wconf 88' lang='lat' dir='ltr'><strong>nequenitido,</strong></span> <span class='ocrx_word' id='word_1_327' title='bbox 1031 4205 1205 4286; x_wconf 86' lang='lat' dir='ltr'><strong>quinetiam</strong></span> 
     </span>
     <span class='ocr_line' id='line_1_41' title="bbox 91 4298 1205 4388; baseline -0.002 -24"><span class='ocrx_word' id='word_1_328' title='bbox 91 4305 125 4367; x_wconf 82' lang='lat' dir='ltr'><strong>ita</strong></span> <span class='ocrx_word' id='word_1_329' title='bbox 145 4306 283 4388; x_wconf 84' lang='lat' dir='ltr'><strong>pallido,</strong></span> <span class='ocrx_word' id='word_1_330' title='bbox 307 4315 340 4366; x_wconf 87' lang='lat' dir='ltr'><strong>ut</strong></span> <span class='ocrx_word' id='word_1_331' title='bbox 360 4307 409 4368; x_wconf 77' lang='lat' dir='ltr'><strong>vix</strong></span> <span class='ocrx_word' id='word_1_332' title='bbox 428 4305 487 4387; x_wconf 83' lang='lat' dir='ltr'><strong>legi</strong></span> <span class='ocrx_word' id='word_1_333' title='bbox 508 4314 616 4388; x_wconf 89' lang='lat' dir='ltr'><strong>queat:</strong></span> <span class='ocrx_word' id='word_1_334' title='bbox 638 4314 766 4371; x_wconf 78' lang='lat' dir='ltr'><strong>auamen</strong></span> <span class='ocrx_word' id='word_1_335' title='bbox 788 4323 851 4372; x_wconf 88' lang='grc'><strong>000</strong></span> <span class='ocrx_word' id='word_1_336' title='bbox 873 4301 994 4365; x_wconf 85' lang='lat' dir='ltr'><strong>infimae</strong></span> <span class='ocrx_word' id='word_1_337' title='bbox 1008 4312 1096 4364; x_wconf 89' lang='lat' dir='ltr'><strong>notae</strong></span> <span class='ocrx_word' id='word_1_338' title='bbox 1116 4298 1205 4364; x_wconf 76' lang='lat' dir='ltr'><strong>sitle-</strong></span> 
     </span>
     <span class='ocr_line' id='line_1_42' title="bbox 92 4395 1077 4481; baseline -0.005 -20"><span class='ocrx_word' id='word_1_339' title='bbox 92 4405 134 4463; x_wconf 85' lang='lat' dir='ltr'><strong>tur</strong></span> <span class='ocrx_word' id='word_1_340' title='bbox 147 4401 205 4464; x_wconf 90' lang='lat' dir='ltr'><strong>ille</strong></span> <span class='ocrx_word' id='word_1_341' title='bbox 220 4399 318 4464; x_wconf 79' lang='lat' dir='ltr'><strong>codex</strong></span> <span class='ocrx_word' id='word_1_342' title='bbox 328 4441 342 4481; x_wconf 87' lang='lat'><strong>,</strong></span> <span class='ocrx_word' id='word_1_343' title='bbox 354 4399 408 4464; x_wconf 89' lang='lat' dir='ltr'><strong>sed</strong></span> <span class='ocrx_word' id='word_1_344' title='bbox 428 4419 445 4463; x_wconf 89' lang='grc'><strong>0</strong></span> <span class='ocrx_word' id='word_1_345' title='bbox 465 4401 547 4464; x_wconf 87' lang='lat' dir='ltr'><strong>hono</strong></span> <span class='ocrx_word' id='word_1_346' title='bbox 562 4398 669 4464; x_wconf 86' lang='lat' dir='ltr'><strong>ductus</strong></span> <span class='ocrx_word' id='word_1_347' title='bbox 688 4395 834 4479; x_wconf 79' lang='lat' dir='ltr'><strong>exemplo.</strong></span> <span class='ocrx_word' id='word_1_348' title='bbox 1074 4409 1077 4414; x_wconf 85' lang='lat'>·</span> 
     </span>
    </p>
   </div>
   <div class='ocr_carea' id='block_1_3' title="bbox 0 0 1518 5492">
    <p class='ocr_par' dir='ltr' id='par_1_6' title="bbox 0 0 1518 5492">
     <span class='ocr_line' id='line_1_43' title="bbox 0 0 1518 5492; baseline 0 1"><span class='ocrx_word' id='word_1_349' title='bbox 0 0 1518 5492; x_wconf 95' lang='lat' dir='ltr'><strong> </strong></span> 
     </span>
    </p>
   </div>
  </div>
 </body>
</html>
