3046 5498
526 439 803 506 aonlnoavaa
1105 411 1227 516 xxxi

98 643 261 708 anniculos
283 644 446 708 breviores
464 643 675 729 longioribus,
706 641 854 710 dimetrns
873 643 1038 722 uimcuis,
1058 647 1229 714 aenaeam
1255 719 1256 733 χ

103 741 180 829 quasi
194 763 220 804 a.
237 745 454 817 succinentes,
471 740 530 803 ie.
548 741 740 817 subiunctus,
761 751 796 804 nt
815 742 847 804 iu
867 743 912 806 xl
933 743 1089 828 prioribus
1107 746 1241 810 Horatii.

107 836 224 923 llpodis)
242 857 315 898 non
333 839 519 922 repertam.

141 933 185 997 Ad
198 933 345 994 δαιίναηι
376 935 585 996 Romanorum
613 929 778 1004 δραματικὴν
801 941 832 995 ct
853 930 1022 1004 dulortnia,
1041 957 1122 1020 quae
1144 937 1228 1000 anai.
1364 925 1374 946 ⁹

1 1075 2 1080 η
109 1031 233 1116 quidm
251 1029 321 1090 snit
342 1040 466 1092 ettam
486 1039 558 1092 ante
577 1028 658 1089 Livii
678 1029 848 1092 Andronici
869 1040 1026 1113 tempora,
1047 1044 1114 1095 tum
1133 1035 1227 1097 Ena·

107 1129 212 1189 mnu·
240 1125 380 1186 nomine
404 1115 475 1208 post
493 1123 542 1186 illa
561 1123 615 1184 diu
635 1123 734 1204 riguit
745 1131 786 1198 (r.
798 1146 864 1208 pag.
874 1127 968 1202 xxvii,
978 1137 1041 1188 not.
1054 1131 1086 1203 3)
1101 1131 1228 1193 accessit

106 1218 199 1284 deiude
220 1218 338 1280 Satira
359 1216 498 1276 διδακτικὴ
517 1214 750 1288 οῐδιηγηματικὴ,
770 1220 937 1303 etquidem
952 1221 1084 1304 duplicis
1097 1223 1227 1306 generis,

103 1319 243 1379 minna
263 1325 301 1376 et
321 1315 512 1384 Lucilianus
532 1335 602 1374 nam
628 1315 843 1390 Varroniano,
869 1315 908 1376 de
932 1339 992 1399 qua
1012 1319 1095 1380 infra
1118 1318 1227 1402 dIspu·

99 1413 173 1475 tandi
191 1412 289 1474 Iocus
311 1412 395 1486 erit,
411 1409 571 1471 commode
591 1409 630 1474 ad
643 1411 777 1490 priorem
791 1411 902 1472 referri
918 1421 1027 1494 potest.
1041 1417 1084 1491 Q.
1099 1416 1227 1490 Ennius,

96 1513 182 1588 poeta
202 1505 456 1580 celeberrimus,
476 1504 602 1566 Graecia
624 1503 719 1564 literis
746 1504 808 1564 iam
829 1504 1019 1586 aliquantam
1039 1507 1176 1570 imbutus
1197 1518 1228 1572 et

94 1601 235 1684 Scipioni
257 1602 416 1664 Africano
435 1599 544 1660 maiori
564 1597 838 1674 familiarissimas,
858 1601 912 1680 qui
932 1612 1019 1664 natus
1039 1603 1226 1680 astiludiis,

95 1719 161 1780 opp.
184 1696 357 1759 Calabriae
377 1716 474 1778 prope
496 1696 665 1756 Tarentum
686 1695 848 1777 sinumque
866 1695 1090 1774 Tarentinam,
1116 1707 1162 1774 (a)
1196 1709 1228 1762 et

97 1794 164 1858 risit
185 1793 228 1855 ab
249 1814 279 1854 a.
302 1792 344 1852 V.
359 1811 386 1851 c.
409 1789 498 1852 va
518 1790 557 1850 ad
578 1789 763 1865 DLXXXV,
784 1813 848 1853 uon
868 1791 963 1853 modo
987 1795 1132 1856 carminis
1154 1797 1225 1859 Ilo-

97 1909 259 1952 nannorum
282 1885 405 1948 heroici
426 1891 645 1967 petitarumque
659 1885 816 1966 epicorum
837 1907 949 1970 parens
968 1887 1046 1962 fuit,
1067 1887 1226 1952 sedetiam

97 1988 200 2050 lInrat.
221 1984 292 2046 sat.
313 1985 350 2058 l,
374 2005 431 2057 ao,
452 1985 502 2046 66.
521 1981 608 2044 rudis
632 1980 683 2054 (h.
709 1983 880 2046 eueniet
901 1982 1000 2046 adhuc
1024 1983 1178 2068 impoliti)
1197 1999 1226 2049 ct

99 2086 224 2146 emens
244 2082 362 2142 intacti
379 2081 527 2142 carminis
547 2085 560 2151 (
571 2077 688 2140 Satires
707 2077 887 2154 diductione)
907 2093 1018 2143 auctor
1031 2079 1157 2144 dicitnr.
1177 2083 1225 2162 (a)

102 2177 182 2255 Quat
200 2173 324 2236 Satires
344 2173 522 2256 scripserit,
545 2192 610 2234 nou
630 2181 766 2236 constat:
785 2172 864 2238 liber
884 2175 931 2238 IV
953 2195 969 2236 a
989 2173 1226 2258 Porphyrione,

65 2303 67 2307 v
105 2269 189 2332 avt
213 2289 232 2328 a
251 2268 385 2329 Donato
405 2266 444 2328 ad
464 2269 591 2329 Terent.
615 2267 738 2330 Phorm.
759 2267 810 2344 II,
835 2291 875 2343 a,
898 2268 948 2332 25.
980 2268 1125 2332 laudetur
1156 2269 1227 2343 (nisi

110 2365 303 2428 liutitiorum
323 2362 445 2424 incuria
457 2356 587 2426 'numeri
607 2373 678 2426 suut
697 2363 858 2439 conlusi);
881 2373 915 2426 et
933 2363 1048 2446 singuli
1068 2363 1141 2426 libri
1159 2364 1227 2428 sin-

112 2461 192 2544 ffllaa
215 2458 485 2543 comprehendisse
513 2459 658 2522 ridentur
678 2459 813 2534 Satires,
851 2460 934 2523 unde
960 2461 1007 2522 illi
1025 2461 1226 2546 plerumque,

107 2579 174 2622 uon
193 2557 244 2621 luae
262 2565 490 2620 memorantur.
521 2557 635 2620 Earum
664 2578 730 2618 nou
756 2557 822 2620 nisi·
836 2577 1006 2640 perpaucae
1025 2557 1227 2622 inveniantur
1330 2617 1333 2622 .

102 2654 266 2737 reliquiae,
287 2673 370 2736 qaas
390 2673 408 2713 e
427 2651 568 2728 Gellll,
588 2671 638 2731 29.
660 2650 791 2729 XVIII,
811 2675 840 2713 a.
860 2652 969 2715 Servio
983 2652 1023 2715 ad
1043 2653 1128 2737 Virg.
1148 2656 1225 2718 Aea.

98 2751 180 2826 XII,
204 2773 274 2811 ιιι.
298 2750 403 2811 Nonio
424 2751 480 2830 (in
494 2769 576 2811 racc.
590 2749 1011 2833 obstringillare{politiones
1025 2761 1056 2814 et
1069 2753 1225 2828 criminae)

99 2847 224 2930 aliisque
246 2844 468 2908 Grammaticis
489 2843 640 2927 collegere
659 2845 831 2922 Columna,
851 2845 992 2924 Merula,
1022 2847 1176 2910 Hesselias
1195 2857 1226 2912 ct

98 2941 228 3006 Casaub.
248 2940 290 3002 de
310 2941 372 3002 Sat
390 2942 480 3002 Rom.
500 2961 530 3022 p.
547 2939 615 3020 ¹93·
640 2943 704 3020 194.
729 2941 783 3006 ubi
804 2950 876 3002 notu
891 2942 1016 3006 exhibet
1029 2943 1091 3008 dan
1107 2943 1222 3006 maiora

95 3041 295 3120 fragmenta,
315 3036 369 3098 scd
388 3037 526 3109 fontem,
547 3035 630 3097 unda
644 3035 750 3098 hausta
762 3037 842 3112 sint,
855 3060 921 3101 uon
935 3037 1060 3102 indicat.
1081 3035 1224 3102 Alterum

94 3135 270 3216 astrologos
299 3131 552 3214 somniorumque
570 3132 755 3220 interpretes
773 3139 877 3208 notat,
911 3143 942 3195 et
969 3133 1120 3196 Iuvenalis
1144 3135 1225 3196 sorte

91 3231 192 3291 menti
221 3229 259 3288 iu
288 3227 351 3288 Sat.
379 3225 888 3304 v1‚5n-591.0bsersabnus=
919 3227 1047 3292 alteram
1065 3237 1224 3291 venustam

90 3324 279 3387 libidinosae
317 3321 453 3384 mulieris
483 3322 722 3406 descriptionem
752 3323 897 3384 continet.
931 3323 1015 3386 Illud
1044 3324 1157 3408 legitur
1177 3345 1224 3407 ap.

91 3421 164 3493 Cip-
185 3421 267 3486 Dia.
288 3418 393 3493 1‚58.
423 3417 515 3480 stibi
535 3419 636 3478 Ennio
660 3425 743 3480 certe
764 3418 930 3481 tribuitur:
966 3429 1131 3502 utrumqne
1152 3441 1225 3484 reru

90 3536 109 3578 e
129 3515 250 3578 Satiris
264 3515 383 3598 potins,
403 3533 491 3594 quam
512 3511 623 3573 fabulis
644 3511 732 3573 haias
753 3520 861 3594 poetae
874 3512 1071 3598 depromtum
1085 3535 1149 3577 esse
1161 3535 1227 3578 cre·

10 3660 12 3687 ,
89 3611 245 3674 diderim.
276 3609 423 3695 Ceteram
445 3606 483 3668 de
504 3607 606 3670 indole
626 3607 798 3668 Satirarum
819 3609 912 3670 Ennii
933 3609 971 3670 ab
992 3609 1125 3692 antiquis
1146 3612 1226 3671 acri-

11 3766 13 3783 ,
91 3707 244 3790 ptnribus
268 3705 353 3766 haud
381 3705 446 3768 scio
477 3726 517 3766 nn
538 3703 706 3787 quidquam
728 3704 891 3764 memoriae
913 3701 1067 3786 proditum
1088 3706 1147 3779 sit,
1168 3705 1227 3768 nisi

90 3803 183 3888 quod
197 3802 406 3880 Quintilianus
427 3803 504 3864 Inst.
522 3802 578 3861 Or.
592 3801 657 3874 lx,
680 3819 718 3875 a,
738 3801 791 3865 66.
813 3801 921 3875 tradit,
942 3803 1076 3864 Martem
1097 3823 1133 3864 ne
1163 3802 1227 3862 vi.-

9 3896 11 3914 '
91 3907 166 3978 tam
184 3895 407 3959 contendentes
428 3896 466 3956 als
486 3915 522 3958 eo
553 3893 691 3957 inductus
710 3913 794 3970 esse,
823 3905 854 3958 et
872 3896 937 3958 aliis
956 3897 1096 3960 laudatur
1115 3897 1225 3960 Asotua

127 4151 181 4218 (l)
194 4147 261 4202 lude
277 4148 373 4202 Radius
387 4149 462 4202 bomo
479 4146 574 4202 dicitnr
587 4147 639 4200 Cic.
726 4146 770 4217 (2)
786 4145 951 4200 Casaubnnus
972 4164 997 4216 p.
1016 4150 1075 4202 ⁴97.
1089 4145 1224 4218 ingeniose

91 4233 180 4288 Arelu.
212 4237 255 4287 40.
273 4233 386 4288 Rudinus
405 4235 459 4288 cic.
476 4234 521 4287 Or.
538 4238 588 4303 III,
606 4235 638 4286 42
689 4231 832 4303 auspicatur
866 4231 1007 4306 legendum
1037 4250 1107 4286 assa:
1140 4234 1225 4303 Quam

91 4330 164 4373 extr.
181 4328 210 4374 et
231 4319 331 4374 Αυεοη.
344 4317 422 4390 idyll.
436 4321 502 4386 XII,
523 4327 562 4375 17.
586 4321 639 4373 Ta·
690 4319 800 4389 Radius,
819 4319 923 4376 Graecia
940 4322 1027 4374 unani
1046 4322 1165 4376 minis
1181 4341 1225 4375 aas·

90 4403 639 4478 mffimnchmnnmebotymp.
689 4417 752 4461 aton

95 4494 158 4545 aas.
