3120 5494
639 422 855 504 sxcvss'vs
1206 415 1231 505 3
1248 451 1257 506 ι
1279 452 1293 508 1

182 641 336 704 Brodaeus
355 641 446 704 Mise.
464 639 501 711 V,
527 642 575 704 26.
595 649 627 703 et
646 641 782 704 Britauu.
803 652 838 704 ut
859 642 906 704 vel
926 642 1102 725 designetur
1122 656 1226 728 βεβασις
1241 595 1300 710 Λαι.

184 751 304 814 susum,
324 757 420 818 genus
438 736 628 812 saltationis,
648 739 762 799 lubrico
783 738 963 818 pedemate,
984 749 1142 820 πηδήματι,
1161 739 1238 802 saltu
1254 740 1303 800 vel

180 831 275 894 celeri
310 832 430 914 pedatus
457 831 653 904 mobilitate,
682 833 714 891 iu
734 834 855 905 orbem,
877 855 967 916 gyros
988 842 1020 894 et
1041 835 1197 916 ambages,
1220 835 1302 896 circa

181 927 338 988 tibicinem
370 927 402 988 in
435 925 537 990 medio
570 925 727 988 sedentem
758 937 850 1008 atque
871 937 1053 1003 canentem,
1076 931 1225 992 exercitae
1246 939 1300 1004 (r.

180 1021 314 1098 Pollux,
335 1032 366 1084 et
387 1023 512 1084 Luciau.
533 1021 572 1084 de
601 1021 705 1084 Saltot.
730 1045 756 1084 o.
772 1045 818 1085 ιο.
846 1025 929 1104 Opp.
952 1025 991 1084 Τ.
1011 1024 1068 1084 lv.
1088 1046 1118 1105 p.
1140 1026 1210 1103 347.
1239 1045 1302 1109 seq.

179 1117 229 1178 ed.
249 1117 417 1192 Schmin),
439 1117 496 1191 sel,
515 1139 594 1201 quae
615 1117 743 1180 Brodaei
764 1119 911 1180 sententia
932 1128 989 1194 est,
1005 1119 1087 1178 orbis
1106 1118 1145 1180 sit
1165 1118 1302 1200 ligneum

179 1223 381 1294 tympanum,
400 1214 433 1274 in
461 1213 544 1296 quod
579 1212 777 1288 desilueriut,
797 1213 941 1297 quodque
961 1212 1052 1274 modo
1073 1212 1212 1276 saltantes
1232 1215 1302 1275 cir-

179 1305 398 1368 cumduxeriut
418 1305 565 1390 pedibus,
584 1305 677 1370 modo
698 1328 752 1388 per
772 1305 899 1389 longum
926 1307 1059 1389 spatium
1078 1328 1171 1388 super
1190 1315 1301 1370 cuntes

180 1423 242 1462 uno
264 1401 379 1484 impetu
400 1401 581 1463 lubricando
602 1403 836 1482 agitaverint—
853 1401 1043 1485 pitrlismote
1056 1402 1103 1463 vel
1113 1403 1301 1482 pytilismate
1323 1387 1326 1404 ⁴

177 1497 259 1581 conj.
279 1495 446 1558 Politian‘us
465 1497 497 1558 in
519 1499 604 1559 Misc.
626 1497 657 1558 ll
669 1541 678 1572 ,
700 1497 749 1577 37.
770 1498 820 1561 38.
840 1508 871 1560 et
890 1497 948 1558 lul.
968 1495 1083 1578 Scalig.
1104 1499 1189 1572 Poet.
1203 1499 1235 1572 l,
1250 1521 1300 1558 22.

177 1603 213 1652 ut
232 1592 272 1653 sit
300 1591 477 1654 exercitatio
511 1592 543 1651 iu
573 1593 730 1653 Laconico
765 1601 820 1668 (v.
841 1593 987 1668 comm.)
1024 1595 1128 1667 facta,
1151 1595 1300 1676 qusquis

176 1685 304 1748 summis
324 1685 452 1768 pedibus
473 1685 649 1768 ingrediens
668 1707 775 1748 manus
797 1687 989 1770 protenderit
1008 1687 1208 1768 ocissimeque
1229 1708 1300 1747 mo-

178 1781 278 1858 verit,
297 1780 422 1842 alteram
443 1789 637 1857 retrorsum,
657 1781 781 1842 alteram
808 1804 973 1866 prorsum,
994 1781 1032 1844 de
1053 1803 1115 1864 quo
1134 1805 1163 1841 v.
1191 1781 1299 1842 Galen.

177 1875 221 1936 ll.
241 1903 275 1920 ·-·
289 1888 471 1954 petreumate
507 1875 624 1958 recepit
657 1876 792 1937 narnus.-
809 1898 847 1938 ex
868 1877 1019 1938 emendat.
1038 1875 1151 1936 Mureti
1172 1873 1203 1933 in
1223 1875 1299 1935 Vor.

176 1967 264 2030 Lect.
283 1968 333 2043 X,
355 1991 383 2050 7·
404 1968 456 2030 ubi
478 1969 552 2031 baec
573 1991 632 2030 vox
652 1966 816 2032 deducitur
836 1993 853 2031 a
874 1973 928 2032 Gr.
948 1981 1095 2042 πεττεύειν,
1117 1967 1186 2028 talis
1199 1969 1300 2028 scal·

177 2065 276 2141 culis,
309 2083 432 2140 εεεεεεῑς,
465 2063 591 2142 ludere,
621 2074 655 2126 ut
686 2065 717 2125 b.
738 2065 758 2125 l.
779 2067 967 2148 significetur
987 2065 1070 2127 dives
1089 2064 1170 2126 eleae
1197 2065 1299 2126 studio

176 2159 318 2250 deditqa,
350 2161 405 2245 qui
435 2181 571 2224 mensam
604 2179 644 2223 ex
674 2182 826 2224 marmore
857 2161 1009 2224 Laconico
1030 2161 1145 2224 assidue
1165 2161 1300 2222 ludendo

176 2255 317 2332 lubricet,
337 2255 366 2316 h.
386 2277 413 2318 e.
432 2253 540 2336 poliat.
560 2255 610 2316 Cf.
631 2276 673 2317 va.
693 2277 755 2339 seq.
776 2285 810 2298 -
825 2256 1010 2339 pyreismate
1039 2255 1088 2317 vel
1104 2270 1300 2337 pyreysmarc

178 2351 291 2436 corrig.
312 2348 446 2414 Alciatus
466 2352 588 2433 Parerg.
609 2351 675 2411 lur.
701 2350 763 2425 Vl,
786 2350 815 2412 3.
836 2359 870 2412 ut
888 2351 928 2414 sit
953 2351 1130 2413 exercitatio
1150 2349 1299 2434 quaedam

176 2445 357 2526 Laconum,
377 2447 426 2510 vel
447 2445 600 2508 nudorum
622 2445 753 2530 oleoque
775 2457 962 2526 unctorum,
984 2449 1014 2508 in
1036 2445 1206 2520 sudatoria,
1232 2447 1298 2506 La-

177 2542 307 2620 conico,
335 2556 479 2631 πυρεύμαει
493 2574 515 2610 s.
530 2557 703 2630 πυριατηρίῳ.
722 2585 757 2594 -
782 2556 989 2624 proptysmute
1020 2541 1213 2604 Mercurialis
1241 2550 1299 2602 art.

176 2659 282 2722 qymn.
310 2640 347 2717 l,
372 2659 418 2704 ιο.
440 2651 549 2723 putans
569 2638 702 2720 intelligi
723 2638 920 2720 petulantiam
941 2637 1110 2714 ditiorum,
1129 2638 1183 2720 qui
1201 2637 1299 2698 multo

176 2744 267 2816 sputo
287 2747 490 2818 (πρεπεὺεεεες,
511 2735 707 2817 imputantes)
728 2734 924 2816 irrigaverint
952 2735 1140 2796 Laconicum
1169 2733 1298 2816 eiusque

176 2832 383 2912 pavimentum
417 2830 656 2904 lubricaverint,
691 2838 726 2892 ut
755 2828 848 2890 focile
874 2830 942 2912 quis
971 2827 1080 2913 cadere
1101 2829 1244 2908 potuerit.
1265 2861 1299 2874 ·-

173 2928 362 3006 pistoremute
392 2924 503 2986 Eberb.
531 2923 701 2997 Mollerus,
722 2924 775 3006 qni
797 2924 877 2984 bunc
899 2925 1062 2987 lectionem
1082 2923 1202 2984 Lubiuo
1222 2945 1299 3006 pro-

176 3020 270 3114 bavit⁶
286 3020 426 3082 excitatis
446 3021 564 3103 aliquot
583 3030 720 3084 veterum
736 3020 926 3102 scriptorum
948 3019 1046 3093 locis,
1067 3019 1299 3100 iupr.Luciani.

177 3143 214 3156 -
231 3119 402 3198 pygismute
421 3116 505 3200 Lips.
525 3117 619 3199 Epist
650 3117 772 3194 Quaest.
793 3116 852 3190 1v,
883 3115 997 3178 abobi
1028 3124 1146 3189 mouet,
1177 3125 1297 3196 atysopc

176 3215 285 3290 potitae
306 3209 414 3272 Siculo
434 3211 495 3272 dici
516 3210 778 3293 paedicationem,
800 3219 831 3272 et
848 3212 976 3274 verbum
990 3199 1142 3272 lubrioure
1154 3209 1297 3270 obscoeni

176 3303 251 3384 quid
280 3309 458 3386 praeferre,
478 3309 578 3368 orbem
599 3327 674 3369 vero
694 3305 879 3370 Lacedaem.
900 3317 1019 3388 partem
1041 3305 1142 3368 soceri
1163 3323 1297 3366 eversum

177 3409 208 3460 et
227 3399 313 3476 diviti
344 3421 457 3484 pueros
491 3401 669 3491 Lacedpem.
692 3403 813 3476 tribui,
833 3403 975 3486 qnoniam
997 3421 1032 3462 ea
1052 3421 1126 3482 gens
1146 3399 1297 3463 luvenalis

176 3505 315 3578 tempore
336 3489 465 3560 maxime
487 3497 587 3558 mollis
607 3507 638 3558 et
657 3499 746 3580 pueri
767 3497 838 3558 inde
859 3495 983 3558 oriundi
1005 3499 1036 3556 iu
1059 3497 1210 3559 nobilium
1238 3495 1297 3555 de-

176 3591 254 3653 liciis
272 3593 400 3656 fuerint.
421 3595 469 3656 Cl.
482 3593 624 3654 Philostr.
645 3595 699 3654 vit.
727 3591 870 3674 Apollon.
892 3591 947 3652 lv.
968 3601 1000 3652 et
1014 3592 1143 3653 Martini.
1160 3591 1216 3666 lv,
1237 3590 1296 3663 55,

178 3685 208 3745 6.
230 3708 299 3766 7.-
317 3701 520 3769 poppysmute
540 3681 660 3748 Flavius
681 3685 859 3746 Coniectan.
881 3707 908 3747 c.
931 3685 978 3746 51.
1001 3685 1052 3746 nbi
1073 3685 1183 3761 docet,
1204 3685 1296 3744 rerba

173 3799 347 3866 poppysma
375 3807 398 3845 s.
432 3783 555 3844 sibilum
588 3785 630 3864 (v.
653 3803 721 3862 sup.
740 3781 779 3841 sd
800 3780 862 3856 Vl,
885 3776 953 3855 584.
971 3781 1002 3840 io
1038 3780 1171 3854 Corum.)
1192 3790 1222 3841 et
1241 3782 1297 3842 lu-

176 3881 294 3940 brioare
321 3879 360 3940 de
386 3899 421 3940 re
448 3877 597 3939 obscoena
623 3875 783 3951 adbiberi,
818 3887 849 3938 et
878 3877 979 3937 orbem
1010 3877 1195 3937 Lacedaem.
1230 3897 1295 3937 esse

177 3982 264 4032 nates
282 3980 333 4032 aut
352 3981 580 4054 praeposteram
601 3972 779 4044 Venerem,
809 3971 956 4054 quoniam
977 3968 1140 4051 Spartanos
1160 3967 1295 4052 primum

177 4065 217 4127 sd
250 4065 423 4127 athleticam
458 4065 584 4126 nudasse
615 4085 746 4146 corpora
776 4073 808 4125 ct
841 4064 913 4126 inde
948 4063 1108 4125 libidinem
1129 4065 1162 4122 in
1185 4085 1296 4146 pueros

178 4161 342 4236 exarsisse,
365 4162 490 4222 trudunt·
506 4159 646 4245 Thucyd.
659 4169 689 4222 et
708 4161 828 4222 Cicero.
848 4187 880 4198 -
903 4160 1020 4241 Lipsius
1040 4158 1059 4219 l.
1079 4157 1101 4220 l.
1123 4159 1212 4234 dicit,
1233 4161 1295 4221 Iac.

178 4255 302 4316 Sosium
337 4257 484 4329 suasisse,
516 4264 549 4314 ut
578 4275 635 4334 pro
665 4255 764 4315 orbem
798 4253 1035 4316 substitueretur
1063 4254 1196 4330 orbum,
1216 4254 1247 4316 h.
1268 4275 1294 4316 e.

177 4369 282 4410 senem
313 4349 447 4424 orbum,
477 4349 603 4408 divitem
636 4369 671 4409 ac
698 4349 839 4424 foedum,
860 4350 912 4432 qui
933 4349 1036 4410 nescio
1056 4348 1130 4432 quid
1151 4349 1296 4412 obscoeni

178 4444 289 4508 fecerit
309 4445 355 4508 sel
376 4444 476 4527 potius
497 4463 597 4524 passus
617 4444 665 4505 sit.
686 4472 718 4485 ·-
739 4443 840 4506 urbem
863 4442 974 4528 legitur
995 4446 1025 4504 iu
1048 4445 1110 4523 233
1132 4444 1241 4526 inepte.
