3028 5492
302 343 438 450 lxxiv
474 352 486 368 ‘
651 457 654 468 ,
742 379 798 448 nn
831 379 994 448 sannaus

301 589 451 663 obseoena
466 603 647 678 normanna
670 585 813 658 nauseam
835 579 995 672 moneant,
1016 581 1054 656 ad
1076 577 1238 654 honestatis
1257 593 1291 655 et
1308 581 1434 655 termis

300 693 365 760 tim
395 697 425 758 ct
454 687 706 778 significationem
722 727 732 769 ‚
751 707 841 776 quana
864 689 1002 774 singulae
1023 694 1134 752 aetates
1155 685 1349 752 constitutam
1371 688 1437 751 bs·

302 789 432 868 herent,
451 801 481 854 et
501 791 539 852 ad
561 787 689 874 politam
704 803 845 851 sensuum
863 786 1008 851 iudicium
1024 783 1282 874 humanitatisque
1293 781 1433 864 cultum,

302 913 364 975 quo
388 887 436 953 nel
461 887 597 952 derisuri
629 896 726 949 essent
755 886 911 964 homines,
943 887 992 950 ael
1012 884 1224 963 excellerent,
1244 897 1370 948 omnem
1391 883 1434 946 det

304 987 363 1050 bac
391 1007 427 1048 re
457 985 692 1068 disputationem
723 1001 788 1046 esse
818 983 1024 1047 referendam.
1046 983 1273 1046 Obscoenitatis
1294 982 1378 1044 enim
1400 989 1435 1043 et

300 1081 461 1146 dedecoris
493 1079 537 1144 sis
564 1090 596 1142 et
623 1089 751 1162 potestas
782 1079 979 1156 bominibus,
1000 1079 1033 1143 iu
1054 1079 1135 1162 agris
1153 1079 1297 1163 siluisque
1317 1097 1434 1142 erran*

301 1179 401 1253 tibus,
425 1175 509 1240 nulla
531 1176 596 1238 iere
617 1175 701 1252 suit,
721 1196 755 1237 ea
777 1185 912 1256 tantum,
935 1197 1013 1262 quae
1033 1175 1178 1261 palatum,
1202 1177 1320 1246 oculos.
1338 1189 1432 1237 nares

301 1274 380 1336 male
408 1273 570 1348 habereut,
609 1273 848 1336 removebantur
877 1293 895 1336 e
924 1282 1098 1356 conspectu.
1129 1269 1331 1356 Congregatis
1353 1285 1434 1335 sero

301 1369 477 1433 homiuibus
508 1377 539 1431 et
570 1368 603 1430 iu
627 1369 785 1431 societates
805 1367 943 1432 collectis
962 1368 1221 1453 matrimonioque
1241 1367 1433 1443 constituto,

299 1466 486 1534 verecundia
507 1465 631 1529 tandem
652 1473 722 1527 nata
743 1473 832 1530 estet
852 1467 969 1550 pudor,
991 1487 1053 1552 qaao
1073 1466 1111 1527 ab
1131 1487 1263 1543 eorum,
1286 1485 1362 1550 quae
1375 1485 1433 1527 re·

300 1563 392 1627 motis
418 1561 540 1624 arbitris
567 1561 701 1636 fierent,
724 1562 882 1626 mentione
904 1565 952 1627 sel
973 1563 1179 1640 abstinerent,
1200 1561 1249 1625 vol
1268 1559 1428 1627 uocabulis

301 1681 359 1733 ea,
387 1681 404 1720 a
434 1653 634 1720 similitudine
665 1657 763 1743 aliqua
795 1657 916 1742 petitis,
943 1667 976 1721 et
1003 1658 1278 1722 circumlocutione
1298 1654 1433 1740 quadarn

301 1751 484 1818 indicarent.
505 1757 573 1835 Qua
596 1753 627 1816 in
649 1765 805 1817 renotem
826 1755 983 1838 antiquior
1002 1765 1081 1818 aetas
1102 1753 1212 1816 fastidii
1229 1763 1289 1816 tam
1305 1749 1432 1814 delicati

301 1863 470 1928 nouerat,
492 1851 524 1912 id
545 1850 629 1934 quod
649 1871 687 1913 ex
708 1836 931 1914 mutats'verbis
952 1861 982 1915 et
1002 1851 1192 1914 dictionibus,
1208 1849 1289 1934 apud
1312 1845 1432 1911 Home·

301 1969 371 2012 rum
393 1957 501 2009 uotum
522 1957 590 2022 est,
610 1946 722 2031 quibus
741 1947 779 2008 ud
800 1969 958 2026 amorem,
989 1947 1224 2009 familiaritatem
1246 1955 1276 2010 et
1298 1965 1432 2007 cousue-

301 2041 439 2104 tudinem
472 2043 630 2126 utriusque
651 2063 763 2120 sexus,
785 2044 908 2126 nuptias
929 2053 961 2105 et
980 2043 1093 2108 furtiva
1114 2041 1222 2126 gandia
1242 2039 1432 2125 designanda

302 2163 375 2204 usus
394 2150 447 2202 est.
474 2141 560 2219 Quae
580 2139 692 2202 deinde
712 2139 807 2204 verba
828 2161 844 2200 a
863 2141 988 2223 tragicis
1008 2149 1039 2202 et
1057 2141 1172 2224 lyricis,
1186 2139 1272 2222 quasi
1293 2139 1432 2202 auctoris

301 2237 482 2322 praestantia
503 2237 740 2300 obscoenitatem
761 2236 930 2299 amisissent
950 2235 1190 2321 dignitatemque
1211 2236 1345 2319 aliquam
1365 2257 1430 2297 ve-

302 2340 412 2394 tustate
446 2339 545 2393 essent
575 2339 683 2408 nacta,
706 2327 846 2413 ma'gnnua
869 2341 987 2414 partem
1007 2333 1073 2393 sine
1093 2351 1198 2393 seusus
1219 2327 1429 2412 exquisitioris

301 2437 332 2490 et
352 2427 501 2512 politioris
520 2427 686 2490 offensione
707 2427 842 2489 adbibita
863 2427 894 2488 iu
915 2427 1034 2512 vulgari
1054 2449 1179 2513 quoque
1192 2423 1342 2490 sermonis
1354 2445 1431 2488 con·

300 2525 460 2588 suetudine
479 2523 702 2587 retinebuntur.
737 2523 799 2585 Sed
820 2523 933 2586 relictis
952 2525 1019 2587 aliis
1038 2525 1077 2587 ad
1098 2547 1132 2586 ea
1153 2525 1329 2600 veniamus,
1350 2539 1431 2606 qnae

301 2622 476 2686 communia
511 2621 637 2682 fuerunt
664 2621 855 2682 Graecorum
884 2630 914 2684 et
944 2621 1181 2700 Romanorum,
1212 2621 1294 2685 uude
1314 2619 1430 2682 multae

301 2740 350 2781 res
378 2728 409 2779 et
438 2715 604 2792 dictiones,
630 2738 704 2800 quas
733 2726 837 2801 turpes
864 2728 895 2780 et
914 2718 1086 2780 obscoenas
1099 2739 1183 2780 nuno
1204 2739 1373 2792 vocamus,
1393 2715 1429 2776 iu

302 2823 505 2894 utrorumque
525 2813 608 2874 factis
630 2822 661 2872 et
680 2811 790 2890 dictis,
813 2813 872 2875 nisi
894 2813 1036 2878 honestae
1057 2837 1094 2877 ac
1114 2813 1282 2877 laudabiles
1310 2821 1431 2887 esseut,

301 2917 403 2970 tamen
432 2906 498 2968 sine
529 2905 767 2986 reprehensione
797 2917 828 2968 et
858 2907 991 2984 fierent,
1012 2919 1043 2970 et
1063 2908 1249 2971 dicerentur.
1285 2907 1428 2970 Primum

303 3001 367 3084 ipsa
400 3000 579 3083 mytborum
609 3011 640 3062 et
670 3021 828 3062 sacrorum
855 3003 957 3079 ratio,
985 3003 1203 3085 antiquissimis
1237 2999 1429 3086 temporibus

301 3093 373 3146 orta
405 3095 436 3146 et
464 3083 645 3157 constituta,
674 3083 797 3159 multis,
824 3093 859 3144 ut
888 3105 970 3147 nuuc
993 3087 1139 3168 quidem,
1164 3085 1285 3150 lascivis
1312 3095 1344 3146 ct
1363 3083 1430 3146 ob·

304 3182 443 3255 scaenis,
472 3199 553 3262 quae
584 3178 742 3260 religionis
774 3179 940 3242 auctoritas
970 3183 1057 3266 quasi
1076 3191 1238 3256 sanxerat,
1260 3190 1377 3244 mentes
1397 3191 1430 3244 et

302 3299 391 3341 aurea
410 3275 586 3338 castissimas
606 3273 781 3346 adsuefecit.
802 3275 923 3338 Deinde
943 3275 1068 3339 Graecis
1088 3285 1119 3339 et
1138 3277 1283 3340 Romanis
1302 3275 1351 3338 nel
1372 3297 1427 3340 ee-
1504 3271 1506 3282 ⁴

302 3373 472 3438 verioribus
502 3393 598 3456 quum
620 3372 799 3434 vestimenta
820 3372 934 3434 nullam
956 3373 1021 3436 iere
1040 3373 1179 3458 corporis
1199 3383 1318 3458 partem
1339 3394 1428 3436 sem·

301 3496 359 3559 per
379 3473 517 3535 celarent
536 3479 566 3530 et
588 3468 620 3529 in
640 3465 913 3530 exercitationibus
933 3471 1084 3554 gymnicis
1105 3469 1207 3534 omnin
1227 3493 1316 3554 saepe
1336 3471 1429 3557 depo·

302 3579 453 3632 nerentnr
483 3565 674 3648 feminaeque
702 3584 739 3625 ex
767 3565 930 3647 gynaeceis
951 3567 1142 3629 invisorum
1170 3567 1427 3632 consuetudinem

302 3673 333 3725 et
361 3671 483 3724 coetum
514 3680 587 3722 raro
608 3658 773 3734 venirent,
794 3669 827 3720 ut
847 3659 959 3742 pudori
979 3660 1113 3743 ipsarum
1133 3662 1239 3724 fuisset
1258 3661 1428 3724 cousulen-
1504 3717 1505 3724 ,

301 3759 399 3832 dama
428 3753 524 3819 multa
555 3763 735 3816 manserunt
762 3754 886 3818 burmia
908 3766 939 3818 et
959 3755 1024 3822 sine
1045 3758 1163 3820 honore
1184 3757 1354 3842 praefando
1373 3759 1427 3820 di·

301 3853 424 3930 cenda,
453 3873 553 3936 quae,
582 3850 835 3912 vestimentorum
861 3850 1018 3914 immutata
1050 3853 1170 3915 ratione
1190 3861 1221 3914 et
1240 3852 1427 3917 verecundia

300 3951 333 4012 iu
354 3949 524 4032 sequiorem
544 3966 669 4022 sexum,
690 3947 741 4030 qui
763 3967 846 4008 nunc
866 3969 930 4008 non
952 3947 1110 4012 minimam
1130 3948 1209 4012 vitae
1222 3946 1341 4012 socialis
1355 3970 1427 4033 par·

299 4055 360 4107 tem
395 4042 576 4119 constituit,
606 4043 644 4103 ab
675 4044 808 4125 ingenue
838 4054 869 4105 ct
895 4043 1061 4107 liberaliter
1082 4045 1227 4108 institutis
1247 4067 1309 4107 non
1330 4067 1427 4109 usur-

299 4150 421 4226 pantur.
445 4143 557 4215 Porro,
587 4137 670 4222 quod
690 4147 783 4222 caput
804 4139 882 4199 mibi
901 4139 1048 4218 ridetur,
1068 4163 1164 4225 quum
1185 4164 1286 4206 mores
1306 4141 1425 4206 ciuiuus

297 4236 460 4319 disciplina
490 4235 634 4320 publica,
662 4235 813 4295 maiorum
840 4234 984 4298 institutis
1003 4246 1034 4298 et
1053 4237 1171 4321 legibus
1192 4239 1325 4301 maxime
1346 4239 1425 4300 ior-

299 4341 476 4406 marentur,
507 4331 544 4391 iis
574 4338 674 4392 autern
703 4327 821 4411 legibus
840 4331 921 4392 cives
939 4339 1060 4394 tautum
1080 4343 1283 4410 tenerentur;
1302 4331 1426 4412 multa,

298 4449 377 4522 quas
397 4427 500 4516 turpis
521 4425 702 4498 fuissentin
722 4425 804 4494 cirea
823 4425 1000 4510 commissa,
1019 4428 1052 4494 iu
1073 4431 1253 4518 peregrinos
1278 4442 1429 4499 concam
1455 4421 1458 4428 ’

976 4657 987 4687 s
