3028 5492
306 351 494 451 lxxxo
611 387 749 446 runnx
784 383 979 448 conrcvas
1012 387 1100 445 uss.

347 587 375 648 8.
397 587 507 648 Codex
528 587 676 648 Memmii.
697 595 754 661 (n.
766 587 881 670 82870)
1053 617 1057 628 ·

346 681 518 744 Membran.
538 682 570 742 in
599 685 660 756 lto.
691 689 831 744 oonstans
857 679 1021 758 toreliis,
1048 681 1123 746 XIII
1161 704 1240 746 seeo.
1267 691 1425 762 exaratus,
1461 693 1469 722 ⁸

305 779 469 844 mendosus
492 796 641 859 sequeno
661 775 847 859 ineleganter
867 778 1017 862 scriptus,
1047 799 1118 842 eum
1138 779 1262 842 soboliIs
1281 780 1319 842 ad
1340 802 1428 844 mar·

304 877 406 960 ginena
426 883 459 936 et
477 873 559 934 inter
578 870 674 934 lineas
692 872 823 954 seriptis.

345 991 375 1051 9.
397 968 508 1032 Codex
527 968 662 1030 silvestri
674 965 716 1030 de
734 969 900 1029 Florentia.
921 977 974 1041 (n.
985 969 1100 1048 8292.)

229 1054 232 1060 ¹
303 1064 436 1129 Membra
452 1063 485 1124 in
501 1066 565 1139 Ito.
587 1071 732 1124 constans
747 1071 786 1143 7(
806 1061 906 1140 foliis,
930 1063 1010 1124 XIII
1031 1073 1162 1126 exeunte
1181 1085 1258 1130 seeo.
1280 1063 1328 1126 rel
1349 1066 1429 1128 XIV

303 1159 430 1220 ineunte
449 1165 604 1232 exaratus,
624 1155 777 1239 eleganter
796 1156 943 1239 quidem,
963 1157 1014 1219 sad
1029 1179 1092 1220 uon
1105 1157 1181 1220 adeo
1191 1158 1357 1238 diligenter
1370 1180 1429 1220 neo

303 1261 458 1316 soourstez
473 1252 686 1315 memorabiles
708 1263 809 1314 tamen
823 1252 1020 1336 reperiuntur
1033 1253 1188 1330 lectiones,
1201 1254 1311 1338 quibus
1328 1257 1428 1318 inter·

302 1349 377 1410 dum
390 1348 437 1410 usi
456 1369 569 1410 sumus.
585 1347 731 1410 Continet
750 1350 826 1412 XVI
850 1348 1001 1411 quenalis
1021 1350 1126 1412 satiras
1149 1371 1221 1412 oum
1244 1349 1368 1412 scholiis
1386 1349 1427 1412 ad

303 1447 474 1527 marginem
495 1454 525 1507 et
545 1445 624 1505 inter
637 1443 733 1506 lineas
746 1444 878 1528 seriptis.

348 1563 394 1602 ιο.
416 1541 525 1602 Codex
543 1541 728 1602 Senators'us.
750 1547 808 1612 (ιι.
818 1538 935 1619 8073.)

303 1635 473 1700 Membrnn.
489 1635 607 1696 infolio
623 1655 729 1716 paruo,
745 1643 885 1696 constans
904 1634 958 1697 ιι8
973 1633 1068 1708 foliis,
1088 1633 1157 1696 XIV
1177 1655 1253 1698 sano.
1275 1643 1424 1712 euntes,

303 1732 469 1794 maioribus
488 1730 583 1792 literis
597 1752 672 1792 auro
692 1730 798 1814 nictit,
817 1729 991 1793 charactere
1011 1730 1145 1792 Gothico
1160 1729 1380 1814 elegantissime
1394 1743 1426 1794 et

303 1828 479 1889 membrana
510 1825 691 1887 nitidissima
717 1827 856 1908 scriptos.
888 1825 966 1887 Cum
1000 1825 1181 1908 puritatem,
1201 1835 1266 1888 tum
1287 1833 1426 1886 exustam

304 1921 545 1983 convenientiam
565 1921 599 1980 in
621 1941 658 1982 eo
678 1919 841 1982 scribendo
861 1920 1007 1984 affectavit
1025 1919 1187 1996 librarios,
1208 1919 1286 1982 adeo
1299 1918 1427 1982 utlibet
1471 1976 1474 1980 .

303 2019 360 2079 iste
380 2015 527 2077 editiones
547 2015 660 2098 primas
680 2015 841 2097 impressas
862 2024 1004 2099 superet,
1023 2014 1122 2078 sedet
1145 2015 1328 2078 rectitudine
1343 2014 1426 2076 sori·

303 2123 410 2196 pturae
430 2111 665 2194 pulcherrimus.
690 2111 755 2173 Neo
783 2109 885 2172 minor
906 2131 979 2174 oura
1001 2112 1034 2172 in
1058 2119 1204 2174 contextu
1234 2107 1426 2172 emendando

303 2207 366 2268 luit
386 2205 532 2268 ndebita.
553 2207 679 2268 Praeter
699 2205 951 2268 commentarium
966 2207 1077 2289 partim
1099 2207 1187 2268 initio
1200 2205 1292 2280 libri,
1314 2204 1426 2286 partim

303 2303 337 2363 ln
360 2301 421 2362 line
447 2299 652 2384 adscriptum,
685 2301 779 2363 textui
812 2309 920 2383 poetae
949 2302 1109 2364 subiuncta
1140 2311 1185 2363 est
1213 2299 1426 2384 paraphrasis,
1451 2307 1454 2312 '

304 2419 382 2484 quae
401 2408 503 2460 tamen
524 2407 559 2458 ut
578 2395 814 2458 commentarius
834 2395 962 2476 glossam
982 2397 1106 2460 redolet
1130 2398 1188 2462 Ille
1212 2409 1314 2459 autem
1328 2396 1429 2458 codex

181 2489 184 2502 '
305 2494 391 2555 inter
404 2494 537 2576 opttusot
555 2501 586 2554 et
598 2491 771 2554 utilissimos
789 2489 877 2552 nobis
891 2491 971 2556 visos
989 2501 1036 2554 est
1059 2493 1273 2556 recensendus.
1285 2493 1370 2554 Hseo
1390 2489 1431 2552 sd

306 2589 419 2652 ealce·
437 2588 589 2672 leguntur·

346 2685 406 2746 Iste
420 2683 519 2758 liber,
543 2683 595 2766 qui
614 2681 783 2746 senatorius
801 2690 948 2757 vocetur,
972 2682 1033 2743 fuit
1051 2682 1182 2765 sculptus
1195 2703 1251 2766 par
1264 2703 1314 2744 me
1334 2681 1431 2744 nino·

304 2776 387 2838 Iaum
399 2776 474 2838 olim
489 2769 648 2856 deperio,
667 2797 749 2837 anno
769 2773 886 2837 domini
909 2775 1012 2850 millo,
1027 2781 1107 2853 οεοῦ,
1122 2783 1196 2858 usp,
1222 2775 1363 2836 indintiae
1387 2774 1431 2832 V·

305 2879 445 2950 tempore
464 2867 580 2930 domiui
595 2867 753 2946 elementis
776 2889 869 2951 papae
890 2869 934 2941 V,
954 2889 1036 2928 anno
1049 2869 1114 2930 elus
1137 2891 1182 2930 ιι.
1198 2868 1309 2931 mensis
1322 2867 1431 2948 aprilis

304 2962 356 3024 die
369 2961 454 3037 XIX,
467 2971 499 3025 et
517 2963 576 3024 fuit
594 2963 774 3044 compilatus
788 2963 886 3046 quoad
907 2963 1057 3025 lecturam
1078 2983 1133 3046 per
1152 2963 1286 3026 nobilem
1310 2971 1341 3024 et
1354 2961 1432 3024 illu·

306 3068 400 3121 strem
414 3058 514 3121 vinum
534 3058 693 3121 dominum
714 3060 857 3142 gentilem
872 3059 911 3121 do
931 3059 1002 3120 liliis
1022 3059 1102 3137 ursi,
1122 3067 1259 3144 onpore
1273 3059 1320 3120 sni
1335 3077 1432 3120 sens-

304 3167 357 3218 tua
370 3153 458 3217 sexti·

351 3273 396 3311 ιι.
418 3250 581 3312 abeamus
600 3249 647 3310 11.
666 3255 722 3322 (ιι.
736 3251 850 3332 7984.)

305 3343 385 3406 (lod.
406 3345 536 3407 membr.
556 3345 587 3406 in
602 3344 655 3406 Iol.
675 3358 772 3407 oonst.
792 3366 853 3406 nin
872 3343 971 3420 loliis,
984 3354 1112 3408 exeunte
1132 3345 1205 3406 XIV
1217 3364 1295 3406 seeo.
1316 3365 1431 3408 exara·

271 3519 273 3527 J
307 3449 375 3514 tus,
397 3438 553 3521 eleganter
572 3439 719 3522 sodptns,
742 3461 812 3502 oum
833 3439 1000 3502 initialibus
1019 3441 1118 3502 literis
1138 3461 1213 3502 auro
1227 3451 1258 3501 et
1270 3439 1430 3502 coloribus

296 3535 458 3618 edelsinus,
484 3535 563 3596 bane
591 3545 783 3600 conservatus
813 3535 946 3619 satisque
966 3537 1151 3598 emendatus.
1171 3535 1271 3598 Habet
1291 3536 1430 3618 integros

307 3629 485 3706 Horatium,
506 3628 640 3716 Porsinna
660 3639 691 3692 et
711 3629 895 3696 Iuvenalem.
931 3630 1037 3693 Primo
1071 3631 1145 3694 folio
1165 3631 1341 3694 inscribitur
1359 3633 1429 3694 lae.

307 3729 387 3811 Aug.
410 3723 534 3786 Tbuoni
554 3731 586 3786 et
606 3723 755 3800 Galbuli,
777 3725 815 3786 ad
835 3745 926 3808 quesn
942 3735 1046 3810 postea
1064 3725 1196 3792 devenit.

352 3841 397 3880 ru.
418 3819 578 3880 Tenemus
598 3820 665 3880 III.
680 3821 863 3902 (ndnqo.)

307 3911 382 3974 Cod.
404 3913 572 3974 membran.
593 3913 625 3974 in
647 3917 708 3988 lto.
730 3922 873 3975 constans
897 3934 951 3997 ¹⁰9
972 3913 1073 3991 loliis,
1094 3913 1154 3975 XV
1174 3933 1251 3974 seeo.
1271 3923 1427 3988 exaratus,

308 4005 437 4088 eleganti
455 4007 602 4090 quidem,
621 4006 674 4069 sed
694 4007 816 4069 iudoota
838 4029 952 4085 manu,
973 4031 1043 4070 cunr
1066 4007 1231 4070 initialibus
1250 4007 1347 4070 literis
1367 4010 1430 4071 de-

308 4099 403 4183 pictis
423 4101 523 4162 Habet
537 4099 709 4164 Iuvenslem
731 4111 761 4163 et
785 4103 918 4165 Persium
937 4103 1003 4166 sina
1029 4101 1151 4167 schollis
1170 4113 1201 4165 et
1223 4102 1428 4166 inscribitur.-

307 4195 374 4348 Iug.
392 4197 473 4280 Aug.
495 4196 618 4258 ΤΙιιιαιιί
644 4205 674 4260 et
697 4197 838 4260 Colberti.
870 4197 1017 4264 Ceterum
1044 4199 1287 4266 mendosissimus
1306 4207 1352 4262 est
1369 4197 1429 4260 ille

306 4307 346 4350 eo
368 4307 417 4350 ex.

352 4382 398 4445 13.
421 4385 617 4446 Mouurineus
636 4384 683 4446 11.
705 4392 762 4458 (ιι.
776 4383 890 4460 8281.)
