3120 5494
273 346 329 380 ἢῆ

272 378 366 442 sca
638 385 692 443 nn
730 381 861 446 rnnsu
902 387 1014 469 surra,

267 578 298 638 id
314 579 546 659 praestantiores
568 579 758 640 existimandi
779 591 864 652 sunt,
900 603 989 664 quam
1012 581 1126 655 colori,
1153 601 1244 662 quem
1267 584 1390 650 Persius

267 675 364 742 satiris
384 677 445 737 suis
465 677 601 750 induxit,
623 679 764 760 aptiores.
809 679 879 739 Non
902 689 985 738 vacat
1007 679 1102 756 varias
1122 678 1281 739 doctorum
1303 683 1390 750 vim,

266 791 336 829 rum
356 769 448 852 super
468 769 545 832 banc
565 790 630 830 rem
652 771 812 852 opiniones
833 770 1004 853 conligere,
1028 792 1105 852 quae
1125 771 1233 852 passim
1255 772 1388 855 longius,

171 860 174 868 ’
267 887 359 947 quam
381 889 397 926 a
418 867 555 929 doctriua
576 877 605 928 et
625 866 773 950 elegantia
795 866 918 928 illorum
935 869 1103 949 exspectari
1118 868 1271 948 potuisset,
1286 893 1302 929 a
1317 891 1391 933 vero

267 959 418 1020 aberrasse
439 961 591 1022 videntur.
614 963 681 1022 lloe
703 962 778 1021 mibi
799 962 923 1043 quidem
946 963 1150 1041 certissimum
1174 961 1391 1040 videturesse,

268 1054 395 1116 virtutes
416 1054 582 1117 hexametri
603 1056 642 1118 ab
662 1057 792 1118 lloratio
815 1049 926 1118 melius*
942 1066 972 1117 et
992 1057 1165 1118 adcuratius
1186 1079 1251 1118 esse
1272 1079 1395 1141 perspe-

268 1156 351 1222 ctas,
371 1171 462 1232 quem
484 1171 566 1211 nunc
586 1151 625 1210 ab
647 1151 823 1211 acutissimis
843 1152 956 1212 criticis
978 1151 1093 1232 possint
1124 1149 1270 1230 intelligi,
1298 1172 1416 1236 eum-¹

268 1243 401 1327 demque
421 1267 482 1306 uon
512 1256 571 1304 tam
593 1246 828 1307 inexercitatum
850 1249 880 1306 in
905 1248 940 1308 iis
960 1245 1136 1332 'condendis
1164 1245 1273 1320 fuisse,
1298 1269 1391 1330 quam

270 1359 354 1399 nunc
373 1360 412 1400 ex
435 1339 640 1424 negligentia,
660 1364 737 1424 qnae
751 1351 850 1402 tameo
866 1341 975 1424 procul
990 1341 1083 1403 dubio
1097 1341 1226 1423 quaesita
1240 1350 1292 1417 est,
1312 1363 1393 1403 con·

269 1431 365 1515 ligere
385 1455 417 1496 se
438 1457 525 1518 posse
546 1436 670 1518 quidam
692 1437 866 1520 opinantur.
880 1445 946 1518 (¹7)

311 1528 374 1606 Qui
395 1530 521 1593 Graecis
541 1530 635 1592 literis
657 1530 782 1593 inbutus
803 1531 991 1592 monimenta
1007 1531 1216 1592 Romanorum
1231 1538 1387 1614 poiitarum

271 1625 483 1708 perlustravit,
504 1623 577 1689 eum
595 1647 657 1688 non
679 1627 777 1708 fugit,
809 1628 1093 1710 praestantissimam
1121 1628 1235 1709 ingenii
1255 1639 1384 1710 partem,

181 1727 186 1736 '
269 1741 347 1802 quae
367 1723 505 1784 cernitur
526 1724 557 1782 in
577 1721 783 1798 inveniendo,
803 1723 943 1785 omnibus
963 1743 1075 1804 paene,
1099 1743 1136 1784 ex
1158 1733 1244 1805 parte
1264 1721 1391 1798 saltem,

270 1817 419 1893 defuisse,
432 1837 545 1899 eosque
558 1839 621 1879 non
642 1828 704 1878 tam
724 1818 900 1883 inventores
922 1839 1025 1879 rerum
1041 1839 1103 1879 esse
1124 1818 1287 1893 vocandos,
1300 1839 1391 1901 quam

269 1914 436 1976 imitatores
457 1916 647 1976 Graecorum
660 1923 691 1975 et
710 1914 747 1974 ab
768 1934 875 1976 eorum
892 1914 1038 1996 exemplis
1053 1913 1226 1998 pendentes.
1243 1915 1297 1974 Est
1310 1915 1393 1974 euim

270 2009 303 2075 in
325 2009 507 2091 populorum
528 2009 675 2070 aetatibus
696 2018 727 2069 et
746 2008 908 2091 singularis
928 2010 1060 2070 hernicis
1080 2009 1187 2071 sitast
1204 2009 1394 2070 institutione

185 2095 190 2108 ’
270 2105 421 2188 quaedam
451 2105 628 2168 similitudo.
662 2106 811 2164 Omnium
846 2104 956 2166 mentis
986 2103 1166 2166 facultatum
1188 2105 1334 2165 rnem'oria
1363 2115 1396 2165 et

269 2198 454 2280 imaginandi
484 2200 529 2262 vis
551 2199 647 2280 prima
667 2219 698 2260 se
718 2199 853 2272 exserit,
886 2199 1165 2280 perfectionemque
1187 2199 1317 2281 aliquam
1339 2199 1395 2258 ad·

269 2294 361 2376 tingit
380 2303 411 2356 et
431 2295 635 2354 maturitatem
655 2313 725 2354 cum
748 2293 780 2352 in
801 2295 904 2375 pueris
925 2313 977 2354 seu
999 2292 1250 2366 adolescentibus,
1273 2303 1339 2354 turn
1361 2295 1392 2353 in

235 2431 238 2436 ι
270 2391 393 2474 populis
415 2390 539 2452 rudibus
553 2388 751 2470 nondumque
764 2388 900 2449 excultis.
922 2391 958 2449 ln
975 2389 1034 2449 hnc
1049 2399 1163 2464 aetate,
1184 2387 1287 2450 multis
1301 2391 1392 2449 simul

270 2487 336 2550 aliis
356 2489 445 2548 rebus
466 2488 497 2546 in
520 2487 578 2547 lroc
600 2485 863 2566 conspirantibus,
887 2491 993 2566 po'etne
1013 2485 1112 2545 solent
1133 2485 1215 2546 nasci
1241 2507 1257 2544 a
1290 2497 1395 2544 aratura

270 2579 333 2640 sola
352 2579 433 2641 docti
456 2588 544 2662 utque
565 2579 703 2639 instituti.
726 2579 762 2638 ln
784 2601 842 2659 qua
864 2589 961 2638 aetate
975 2601 1069 2660 quum
1085 2579 1217 2662 populus
1238 2582 1396 2639 Romanus

272 2685 366 2747 esset,
388 2676 542 2756 ingenium
565 2675 666 2734 minus
687 2674 715 2734 ei
729 2673 859 2735 defuisse
880 2675 941 2734 ‹tici
962 2685 1080 2755 potest,
1114 2697 1203 2758 quarn
1225 2665 1322 2734 otium
1344 2693 1396 2734 re·

271 2791 402 2854 rumque
422 2772 459 2832 ad
481 2772 572 2832 vitam
592 2769 800 2830 sustinendam
823 2770 983 2831 adfluentia
1006 2771 1152 2853 quaedam
1166 2783 1196 2832 et
1209 2782 1311 2832 certus
1326 2771 1396 2830 aui·

272 2891 391 2930 morum
412 2869 620 2948 sermonisque
641 2865 749 2926 cultus.
770 2867 981 2928 Praeterlnbso
1008 2868 1062 2928 illc
1083 2877 1218 2951 tempure
1238 2889 1300 2928 non
1323 2869 1395 2928 Mu-

271 2983 372 3023 sarum
402 2961 486 3023 sedes
514 2961 571 3043 ipsi
602 2961 828 3042 frequentasse,
858 2960 909 3022 sed
943 2963 1127 3023 comnsercia
1158 2985 1228 3023 eum
1260 2961 1319 3021 illis
1340 2983 1397 3040 per

224 3096 226 3100 -
273 3057 406 3117 Graecos
427 3056 511 3136 quasi
533 3054 744 3116 internuncios
764 3053 930 3116 celebrasse
949 3055 1141 3116 existimandi
1162 3065 1241 3116 sunt.
1263 3053 1338 3128 lude
1354 3057 1397 3115 fa·

273 3160 357 3212 ctum
377 3161 441 3224 est,
461 3159 495 3211 ut
516 3171 621 3212 omues
641 3149 769 3211 Romani
786 3157 889 3231 poetae
910 3171 927 3208 a
948 3151 1073 3211 Graecis
1094 3137 1261 3231 pendeant,
1281 3171 1297 3209 a
1319 3151 1397 3232 qui-

272 3245 331 3306 bus
348 3247 449 3306 omnia
469 3245 533 3307 fere
553 3246 610 3305 iam
625 3253 771 3328 occupata
790 3243 989 3318 invenerant,
1014 3245 1164 3326 magisque
1178 3265 1299 3327 semper
1323 3245 1398 3304 imi-

273 3343 402 3416 tationi,
420 3363 510 3424 quam
532 3340 701 3403 inventioni
721 3338 908 3411 studuerint,
930 3340 969 3400 ita
992 3351 1026 3401 ut
1040 3340 1224 3401 recentiores
1243 3340 1398 3422 antiquio·

274 3455 344 3496 rum
365 3434 497 3516 vestigiis
516 3433 654 3495 insistere
674 3430 797 3494 soleant.
818 3433 862 3493 Vt
879 3435 1024 3495 Horatius
1046 3434 1205 3506 Lucilium,
1229 3435 1280 3516 qui
1295 3443 1397 3494 tamen

274 3528 349 3590 novi
369 3530 489 3611 generis
508 3529 679 3591 carminum
700 3539 808 3588 auctor
828 3536 874 3590 est
897 3528 1062 3602 habendus,
1085 3530 1110 3590 si
1126 3530 1255 3590 formam
1271 3538 1400 3608 spectes,

275 3645 338 3685 non
364 3626 535 3700 materiam,
556 3623 693 3686 liberiori
713 3632 815 3684 tamen
837 3625 953 3685 incessu
980 3635 1099 3686 secutus
1120 3637 1186 3700 est,
1214 3625 1255 3685 ita
1276 3626 1398 3686 Persius

276 3739 315 3780 ex
336 3719 493 3783 Venusino
514 3723 598 3782 fonte
627 3717 764 3780 hortulos
784 3739 853 3780 suos
873 3721 990 3799 rigavit.
1013 3721 1047 3781 ln
1068 3717 1257 3802 explorando
1277 3729 1398 3794 autem,

277 3825 424 3898 quantum
446 3818 557 3879 Noster
568 3816 706 3891 ‚Horatio
725 3814 853 3891 debeat,
885 3815 1080 3878 Casaubonus
1101 3817 1268 3889 curiosius,
1301 3835 1399 3898 paene

313 4071 372 4138 (⁴7)
392 4073 468 4122 Recte
492 4069 655 4140 Morgenster
675 4067 693 4121 l.
714 4085 735 4120 c.
756 4085 814 4138 pag.
866 4065 978 4119 maxime
992 4086 1055 4136 opus
1068 4075 1121 4120 erat
1136 4067 1268 4120 concinnis
1280 4066 1400 4118 versibus

279 4153 311 4202 30
326 4167 397 4222 seqq.
410 4153 458 4209 bac
471 4154 504 4204 de
521 4171 549 4204 re
562 4153 658 4206 iudicat
668 4193 675 4216 ,
687 4162 713 4204 at
726 4151 813 4222 paullo
868 4161 894 4202 et
905 4149 1021 4215 canoris,
1034 4171 1063 4204 nc
1077 4155 1145 4204 ennii
1157 4153 1233 4216 dote,
1248 4169 1314 4220 (puae
1326 4143 1401 4220 prae-

278 4237 392 4289 sererius
408 4255 467 4307 pag.
481 4243 521 4291 47.
535 4237 561 4289 in
573 4237 639 4291 notis
653 4237 738 4290 addit:
754 4239 815 4289 Per·
865 4245 905 4286 ter
920 4245 1037 4288 sanctum
1061 4247 1147 4304 pectus
1159 4239 1247 4306 poitae
1260 4246 1343 4305 posset
1357 4233 1396 4284 le·

278 4319 435 4388 sicquidem
457 4323 484 4372 in
505 4323 570 4374 tristi
588 4319 633 4372 illo
655 4319 811 4390 supercilio,
865 4329 962 4372 ctorem
988 4328 1099 4383 tenere,
1133 4329 1249 4373 carerent
1280 4327 1400 4388 po's‘mata

279 4405 306 4456 in
324 4401 448 4474 singulari
465 4403 511 4460 illa
524 4401 646 4460 orationis
660 4406 813 4462 obscuritate
866 4415 973 4458 austera.
