3028 5492
404 401 638 470 rosrsavu
672 399 951 468 usvausonuu
1160 366 1242 474 lvii

108 595 293 678 firmastis
313 607 467 688 canutio,
487 616 605 674 meista
625 617 752 674 extans
772 603 909 674 civitatis·
932 605 1034 674 forma
1064 605 1241 694 relictisque

15 732 16 741 ¹
108 702 235 770 amnium
255 705 495 788 magistratuum
514 715 654 770 veterum
676 703 870 780 nominibus,
891 704 1079 780 commodis,
1109 707 1241 770 bonori-

110 801 169 874 bus,
183 819 327 864 omnem
350 803 390 866 ad
413 824 444 868 se
466 803 603 866 trahebat
623 812 826 886 potestatem,
846 811 876 864 et
896 799 1016 886 plebem
1037 812 1098 864 tam
1119 802 1244 886 congia,

11 883 14 892 ¹
114 897 230 968 donn,
259 918 362 980 quam
391 899 656 984 spectaculorum,
691 919 854 960 muneram
880 897 1086 984 ludorumque
1106 897 1241 962 adsidui·

115 1003 173 1066 tate,
190 995 356 1062 varietate
376 1005 408 1060 et
427 993 697 1078 magnificentiam
713 1006 835 1078 turpem
857 995 1003 1058 inertiam
1029 1007 1121 1078 atque
1134 1009 1241 1080 torpe-

114 1089 193 1150 dinem
215 1091 423 1170 resolvebat,
446 1092 584 1156 homines
603 1102 705 1154 autem
725 1091 853 1154 sanioris
875 1093 987 1154 mentis
1007 1101 1072 1156 tuna
1086 1094 1242 1158 beneficiis

114 1185 340 1271 honoribusque
362 1188 420 1250 sibi
440 1187 651 1260 devinciebat,
680 1197 746 1250 tum
772 1187 811 1248 ad
832 1186 930 1248 studia
950 1187 1100 1250 excitabat
1128 1191 1240 1254 artium

112 1281 348 1366 litcnrnmque,
369 1303 501 1368 quarum
535 1305 671 1348 amorem
704 1283 786 1352 inani
814 1281 911 1344 laudis
940 1281 1102 1365 cupiditate
1132 1284 1242 1348 ductus

106 1375 274 1440 anelabat.
297 1382 414 1464 Magna
440 1401 546 1444 rerum
561 1379 690 1440 mutatio
711 1399 821 1440 norum
849 1377 1015 1462 loquendi,
1035 1379 1190 1461 cogitandi
1210 1390 1241 1444 et
1319 1458 1324 1467 .

106 1471 204 1556 rgenffi
226 1475 392 1540 rationem
415 1474 599 1550 inducebat,
619 1486 651 1538 et
670 1475 702 1536 in
722 1473 826 1536 locum
847 1473 960 1536 liberae
980 1475 1172 1554 vocis,olim
1192 1477 1242 1540 rel

23 1640 28 1649 ,
106 1570 221 1652 scriptis
244 1592 430 1656 expressae,
463 1573 512 1638 vel
531 1573 621 1636 toties
650 1571 683 1632 in
713 1571 935 1646 concionibus,
966 1571 1079 1648 curiis,
1109 1573 1180 1636 foro
1210 1583 1242 1638 et

24 1652 30 1679 ²
105 1669 204 1728 rostris
226 1668 375 1744 auditae,
398 1691 483 1734 nunc
503 1667 688 1734 succedebat
708 1669 806 1734 oratio
827 1667 1039 1744 adulatorum,
1071 1667 1242 1732 calumnia-

107 1778 201 1830 torum
225 1774 261 1826 et
279 1785 458 1842 serrorum,
478 1764 532 1848 qui
551 1785 582 1826 se
604 1774 682 1828 totos
703 1764 740 1826 sd
762 1763 879 1826 domiui
896 1763 1058 1826 arbitrium
1072 1773 1242 1848 nutumque

109 1857 274 1940 lingebant.
294 1862 381 1922 Hinc
400 1881 472 1924 sera
492 1859 667 1942 eloquentia
695 1860 846 1922 Cicerone
867 1868 976 1922 necato
997 1860 1242 1940 obmutescebat,

111 1960 264 2036 etpostae
295 1964 417 2020 tautum
446 1977 510 2018 aon
541 1976 647 2020 omues
676 1965 763 2018 erant
793 1955 959 2018 imitatores
991 1975 1111 2018 serrum
1138 1975 1269 2036 pecua·-

110 2049 212 2112 llibilo
234 2061 342 2114 tamen
369 2053 467 2116 secius
489 2053 642 2116 saeculum
665 2052 792 2133 Augusti
814 2050 913 2112 multo
936 2049 1043 2114 melius
1063 2049 1243 2136 feliciusque

111 2156 172 2208 erat
190 2147 339 2213 extremis
359 2147 473 2210 liberae
493 2151 539 2212 rei
560 2147 704 2232 publicae
724 2148 925 2230 temporibus.
947 2147 1091 2230 Princeps
1111 2147 1242 2230 imperio

110 2244 240 2328 quictem
263 2255 355 2328 atque
376 2244 555 2328 dignitatem
590 2243 766 2328 civibusque
787 2265 924 2308 securam
946 2245 1099 2306 bonorum
1120 2266 1242 2326 posses·-

113 2339 227 2400 sionem
248 2339 417 2416 reddebat,
438 2351 467 2404 et
488 2341 582 2404 multa
604 2339 678 2402 vitia
706 2361 809 2402 serere
836 2340 995 2402 coercebat
1014 2339 1132 2422 legibus
1152 2341 1242 2402 salu-

115 2432 264 2498 berrimis.
283 2438 355 2519 lpse
376 2437 491 2514 etiam,
517 2436 656 2520 quamvis
680 2435 712 2498 in
733 2434 939 2498 adolescentia
958 2433 1146 2496 dedecorum
1161 2459 1243 2519 quo-

112 2530 253 2594 rumdam
274 2541 306 2592 et
327 2533 359 2592 in
383 2533 576 2594 triumviratu
608 2530 746 2594 saevitiae
767 2530 921 2592 infamiam
955 2529 1110 2607 subierat,
1141 2541 1242 2610 postea

23 2692 24 2714 3
108 2629 228 2708 magnis
261 2627 430 2693 virtutibus
460 2629 606 2712 pensabat
627 2628 698 2690 vitia
729 2636 759 2688 et
788 2625 923 2688 clemens
944 2635 1008 2688 erat
1035 2625 1178 2688 dominus
1208 2649 1243 2690 ac

23 2719 24 2729 ’
104 2727 282 2802 patronus,
303 2723 420 2785 amicus
440 2723 536 2784 comis
555 2745 589 2784 ac
609 2721 724 2797 fidelis,
745 2720 845 2782 bonus
866 2719 1082 2802 paterfamilias
1096 2721 1243 2804 ctlmpe-

101 2826 213 2890 rator,
234 2839 337 2901 neque
359 2819 451 2882 Patris
472 2821 588 2900 patriae
603 2819 726 2880 nomine
747 2817 898 2898 indiguus.
937 2815 1023 2878 ldem
1044 2827 1123 2880 artes
1143 2819 1244 2880 scien-

101 2914 225 2996 tiaeque
248 2914 371 2976 furebat
390 2925 422 2976 et
442 2916 522 2978 cives
537 2915 575 2976 ad
597 2917 741 2976 virtutem
756 2915 781 2975 si
801 2935 863 2974 non
878 2912 1048 2988 colendam,
1063 2925 1147 2976 certe
1160 2916 1245 2976 simi-

102 3005 244 3086 landam,
267 3010 410 3092 praemiis
423 3013 589 3092 poenisque
609 3010 760 3072 incitabat.
782 3009 884 3072 Decor
909 3009 1010 3092 itaque
1030 3019 1062 3071 et
1083 3008 1242 3084 honestas,

101 3104 260 3172 iudicium
275 3115 423 3170 etaemus
437 3107 513 3185 reri,
534 3104 609 3168 boui
628 3127 665 3168 ao
685 3103 805 3188 pulcri,
827 3103 965 3169 nondum
988 3104 1077 3187 plane
1097 3104 1246 3170 exstincta

101 3211 218 3278 crant,
246 3211 278 3264 et
297 3203 487 3268 acuebantur
506 3202 665 3266 literarum
686 3205 872 3266 Graecarum
892 3202 1016 3276 studio,
1042 3199 1125 3285 quod
1146 3199 1246 3266 adbuc

102 3297 241 3380 rigebat

145 3395 220 3458 Hac
239 3405 337 3460 aetate
357 3397 421 3478 (ab
434 3418 461 3458 a.
474 3397 514 3460 V.
535 3419 563 3460 e.
583 3398 655 3476 689.
675 3395 714 3458 ad
727 3417 753 3458 e.
770 3398 865 3479 746.)
887 3395 966 3458 vixit
980 3393 1133 3470 Horatius,
1149 3395 1242 3456 bomo

105 3488 218 3553 hilaris
238 3511 277 3552 ac
296 3491 414 3566 suasis,
434 3493 529 3554 comis
549 3501 581 3554 et
600 3493 770 3569 humanus,
802 3490 935 3554 urbanus
959 3501 991 3554 et
1011 3492 1147 3566 facetus,
1166 3489 1240 3553 levis

8 3644 9 3670 ζ
107 3595 140 3651 ct
159 3587 285 3648 Veneri
306 3588 488 3670 bacchoque
508 3607 570 3650 non
601 3586 723 3666 miu'us,
754 3588 966 3672 quam·Musis
986 3607 1095 3664 carus,
1115 3584 1195 3650 fidus
1215 3594 1247 3649 et

9 3697 10 3711 ¹
109 3682 285 3760 candidus,
304 3693 408 3767 gratus
428 3695 459 3748 at
478 3685 644 3762 officiosus,
669 3685 843 3768 ingeniosus
863 3693 894 3746 et
913 3684 1034 3762 doctus,
1072 3691 1158 3766 patre
1188 3702 1248 3744 nec

109 3779 252 3860 ingenuo
272 3801 330 3844 nec
349 3780 453 3858 claro,
485 3782 537 3846 sed
557 3782 642 3844 bono
661 3792 692 3844 et
718 3782 867 3858 honesto,
898 3780 1025 3844 adsiduo
1044 3798 1168 3843 morum
1190 3775 1249 3840 filii

110 3875 242 3942 custode
263 3887 294 3940 et
312 3886 436 3942 rectore
455 3878 663 3960 virtutumque
684 3885 714 3938 et
734 3884 932 3960 praeceptore
951 3885 984 3937 et
1003 3872 1167 3956 exemplo,
1191 3893 1248 3934 na·

22 4002 23 4011 ¹
112 3980 161 4036 tus
182 3982 241 4050 (r.
261 3974 325 4036 Sat.
338 3975 372 4052 l,
399 3975 505 4051 t,105
526 3995 589 4056 seq.
604 3978 636 4048 6,
650 3973 689 4036 o'5
711 3982 813 4055 seq),
843 3971 997 4054 praeclara
1018 3970 1171 4054 praeditus
1192 3969 1246 4028 in-

110 4066 207 4147 dole,
227 4071 344 4138 artibus
363 4071 501 4141 imbutus
520 4069 696 4134 liberalibus
710 4077 741 4132 et
761 4067 913 4143 honestis,
932 4065 1135 4128 familiaritate
1150 4066 1249 4128 Graa-

112 4185 226 4231 corum
247 4178 279 4235 et
299 4167 400 4233 multo
419 4189 524 4234 rerum
543 4191 600 4230 usu
620 4167 784 4244 subactus,
802 4163 1095 4248 elegantissimorum
1109 4183 1250 4228 summo-

113 4283 252 4349 rumque
272 4267 410 4330 virorum
431 4265 652 4331 consuetudine
673 4264 805 4350 politus,
837 4261 935 4346 gratia
966 4257 1102 4324 Caesaris
1130 4257 1251 4344 prioci-

115 4383 257 4446 pumqne
276 4363 409 4428 civitatis
429 4362 543 4428 floreus
572 4383 607 4426 ac
639 4371 741 4440 tutus,
771 4380 836 4422 non
867 4356 1036 4424 adsectator
1065 4377 1174 4422 eorum
1203 4349 1252 4418 rel

24 4480 26 4525 t
117 4457 301 4536 wasnau
320 4459 448 4536 humilis
468 4469 499 4532 st
517 4456 729 4550 nausipiuu,
755 4455 838 4530 aula
858 4452 1068 4546 philosophias
1093 4449 1253 4547 disciplinq
