3078 5494
312 442 406 537 aot
770 453 988 514 niciosus

312 653 377 725 (ubi
406 655 488 714 'confi
519 653 632 734 Intpp.)
654 660 684 714 et
707 650 783 726 Plio.
816 650 975 722 XXVIII,
999 671 1026 709 a.
1048 659 1078 710 et
1097 650 1126 712 8.
1149 649 1214 722 (ubi
1235 651 1317 712 coni.
1340 651 1429 712 llar-

311 746 410 820 duin.)
442 747 551 830 quibus
582 745 656 809 lucis
684 746 821 808 similiter
848 745 920 807 libri
956 747 1070 806 esuriant
1098 755 1129 806 et
1151 747 1263 818 Tutia,
1287 748 1429 817 Tuscia,

261 911 270 934 ·
313 843 427 916 Τιιοσίᾳ
461 841 614 903 exhibent.
635 841 683 903 Cf.
716 841 835 902 Ernesti
864 839 938 904 clav.
974 839 1074 902 Cicer.
1095 840 1125 899 iu
1149 840 1215 900 lud.
1239 841 1428 902 histonvoo.

313 937 417 1003 Tutia.
438 969 472 980 -
485 936 591 1018 Apula
610 955 653 1014 19.
674 959 722 996 ιι.
744 957 792 996 22.
807 944 912 996 contra
935 935 1014 1014 leges
1034 935 1131 996 metri.

352 1031 401 1093 65.
435 1032 484 1094 66.
517 1030 637 1092 Retinui
668 1032 757 1092 etiam
787 1053 869 1092 nuuc
891 1031 1040 1113 vulgatam
1061 1029 1242 1104 lectionem,
1265 1029 1322 1090 uisi
1342 1029 1430 1110 quod

311 1126 475 1188 maximam
502 1126 635 1188 distinct.
656 1111 828 1210 posuipost
846 1127 1005 1208 ainptexa,
1028 1135 1059 1188 et
1080 1127 1168 1188 verba
1189 1127 1335 1198 Subitam,
1360 1129 1431 1186 Mi-

309 1223 436 1282 serobile
455 1229 486 1283 et
505 1224 643 1303 Loogaetm
668 1222 828 1283 maioribus
848 1220 943 1282 literis
965 1221 1063 1282 initial
1094 1221 1291 1302 exprimenda
1312 1223 1431 1282 curavi.

309 1317 407 1378 Possis
426 1318 516 1378 etiam
537 1319 693 1380 seribere:
724 1319 857 1380 Siclitum
878 1332 906 1378 et
927 1320 1101 1378 Misce-abile
1120 1319 1242 1397 latagum
1265 1317 1343 1390 (diu)
1367 1319 1430 1377 Aa·

310 1411 422 1486 tendit,
457 1411 504 1474 vel
538 1413 774 1495 interpungere:
808 1412 933 1495 Appula
953 1417 1079 1496 gannit,
1100 1413 1182 1473 Sicut
1202 1415 1235 1471 iu
1254 1411 1428 1490 amplexu,

309 1507 436 1566 mettum
455 1519 485 1568 et
497 1508 681 1583 miserabile,
701 1508 801 1568 subito
821 1519 852 1568 et
867 1508 1087 1568 miserabiliter.
1109 1507 1171 1569 Sed
1193 1515 1288 1566 nostra
1302 1505 1425 1564 etscri-

309 1610 400 1682 ptura
414 1593 445 1662 et
463 1599 615 1664 distinctio
637 1583 786 1685 praestare
797 1605 926 1678 videtur,
944 1613 975 1665 et
989 1602 1100 1684 ellipsis
1121 1601 1247 1682 copulae
1257 1611 1322 1659 ante
1339 1601 1423 1660 Lao-

307 1715 379 1777 gum
410 1695 546 1757 quenali
580 1698 820 1780 frequentissima
851 1709 903 1762 est.
938 1723 966 1762 v.
996 1699 1035 1759 nd
1058 1697 1111 1773 Ν,
1132 1699 1224 1762 [inin
1247 1695 1316 1754 Vae.
1339 1695 1422 1754 beot.

310 1793 395 1853 sutae
413 1806 442 1854 et
461 1794 629 1854 miserabile
660 1795 785 1876 longum
820 1795 964 1856 Ascendit
995 1795 1104 1857 rustica
1136 1793 1243 1854 mulier
1273 1801 1304 1851 et
1324 1794 1423 1850 miuus

311 1897 434 1968 experta
465 1888 608 1961 delicias,
642 1891 760 1952 emend.
785 1892 889 1951 Barth.
911 1891 1037 1953 Adsero.
1058 1889 1170 1963 xxw,
1186 1891 1213 1950 5.
1227 1887 1277 1947 ubi
1299 1897 1424 1965 monet,

312 1987 413 2046 verbis
432 1987 560 2061 subare,
579 1989 727 2059 caeciliae,
750 1987 910 2048 adhinnire
930 1997 960 2048 ot
980 1988 1127 2048 similibus
1147 1986 1310 2047 belluinum
1334 1983 1429 2045 effre-

313 2094 445 2162 nemque
480 2081 640 2140 hominum
662 2081 815 2141 lthdinem
837 2083 974 2164 exprimi
992 2083 1036 2143 cf.
1059 2082 1133 2143 Plio.
1156 2084 1207 2155 Χ,
1231 2083 1280 2143 63.
1302 2079 1443 2141 [lucret.e

312 2171 369 2246 lv,
394 2174 479 2254 ¹¹93·
501 2175 606 2235 Horat.
621 2175 715 2256 Ilpud.
737 2175 813 2247 XII,
840 2198 883 2235 ιι.
905 2175 943 2235 al.
965 2177 1156 2257 Aptissimum
1178 2187 1221 2237 est
1236 2179 1266 2236 b.
1288 2176 1307 2235 l.
1328 2177 1427 2246 subal,

312 2271 456 2353 quoniam
490 2291 560 2333 oum
590 2274 697 2354 gannit
720 2271 853 2352 iuogItuc
875 2280 920 2343 (ut
942 2273 972 2331 in
995 2271 1116 2332 Authol.
1139 2274 1201 2331 Lat.
1222 2295 1249 2332 v.
1270 2271 1429 2342 Cusuetani

312 2363 365 2426 sed
386 2365 499 2450 reliqua
520 2375 587 2425 tum
605 2366 696 2427 verba
716 2367 760 2428 sic
781 2368 1044 2448 interpungeuda:
1060 2369 1186 2450 Appula
1199 2369 1303 2450 gannit
1316 2409 1327 2438 ‚
1341 2368 1425 2426 Sicut

311 2459 344 2520 in
376 2459 543 2543 amplexu,
576 2461 660 2522 sudat
687 2475 716 2522 et
735 2463 902 2532 miserabile
923 2465 967 2535 (h.
988 2483 1013 2522 e.
1036 2461 1276 2534 miserabiliter):
1297 2463 1423 2541 longum

312 2555 453 2617 Auenti-it
475 2557 619 2634 Thymele
626 2581 637 2627 ,·
661 2559 806 2635 Thymele
825 2573 894 2618 ιιιηο
915 2561 1025 2618 rustico
1039 2559 1138 2616 discit.
1160 2557 1203 2616 Ita
1224 2557 1352 2617 omnino
1375 2555 1424 2616 le-

313 2649 444 2730 gendum
478 2657 565 2734 putat
599 2652 726 2726 Mauso,
757 2653 809 2735 qui
830 2663 950 2722 monet,
975 2671 1006 2712 se
1030 2673 1091 2712 non
1114 2650 1238 2724 videre,
1277 2650 1354 2732 quid
1375 2673 1425 2710 ms

312 2745 464 2818 mosali,
480 2757 530 2815 ut,
552 2745 659 2807 reiecta
682 2747 838 2828 praeclara
866 2747 1097 2828 emendatione,
1126 2747 1251 2807 subitum
1275 2768 1376 2807 meum
1398 2761 1426 2806 et

312 2830 481 2901 miser‘abtte
499 2841 620 2925 longtem
643 2849 766 2916 tuerer,
787 2863 880 2922 quum
907 2863 1057 2924 quemque
1078 2863 1147 2902 sutis
1167 2863 1271 2902 sensus
1292 2841 1421 2912 doceat,

312 2955 402 3018 quam
436 2934 546 2996 durum
581 2936 620 2996 sit
653 2935 761 3016 vixque
784 2939 941 2998 ferendum
962 2937 1150 3012 illud‚cum
1173 2959 1233 2997 uno
1254 2935 1426 3016 eodemque

312 3028 406 3088 verbo
424 3029 552 3090 attendit
571 3017 776 3090 coniunctum.
814 3033 979 3092 Enimvero
1001 3041 1163 3092 cieverunt
1185 3051 1231 3090 me
1251 3031 1332 3110 leges
1351 3051 1425 3090 uio-

311 3121 412 3183 ‹testae
431 3123 575 3197 criticas,
595 3145 667 3204 quas
685 3127 800 3205 saepius
822 3126 894 3184 mihi
916 3126 1100 3200 inculcavit,
1120 3137 1152 3194 ,et
1171 3127 1256 3207 quod
1277 3124 1327 3185 ille
1348 3145 1426 3184 con-

311 3215 409 3276 tendit
433 3217 580 3296 quidem‚
602 3239 665 3277 uon
688 3239 760 3279 vero
781 3221 944 3300 probavit,
968 3219 1126 3281 lectionum
1148 3243 1164 3279 a
1188 3241 1234 3278 ine
1256 3227 1426 3294 servatam,

313 3330 390 3390 quae
410 3321 511 3372 tamen
533 3333 595 3370 non
617 3331 681 3372 mea
703 3323 760 3384 est,
783 3313 834 3374 sed
856 3314 984 3394 vulgaris
1005 3317 1141 3375 omnium
1162 3315 1322 3388 librorum,
1337 3317 1428 3397 plane

207 3429 214 3440 ·
269 3439 271 3443 ·
312 3405 445 3486 ineptam
465 3427 552 3481 esse,
573 3428 670 3489 oeque
692 3417 751 3480 tres
772 3431 858 3470 voces
879 3411 931 3470 uni
953 3410 1046 3471 serbo
1060 3411 1219 3472 commode
1233 3412 1315 3492 iungi
1330 3433 1427 3491 posse.

313 3497 480 3560 Veritatem
512 3521 634 3584 quoque
666 3501 753 3563 huius
781 3503 999 3565 emendationis
1030 3505 1059 3564 in
1092 3505 1217 3566 dubium
1241 3507 1359 3566 vocavit
1379 3509 1428 3568 vir

313 3589 420 3652 doctus
441 3591 469 3650 ln
493 3593 617 3674 Ephem.
639 3594 706 3656 Hal.
722 3597 771 3657 ubi
788 3607 908 3668 ιιιιιιιεῑ,
929 3601 1020 3660 verba
1040 3600 1163 3679 longum
1185 3599 1314 3658 attendit
1336 3599 1428 3660 nimis

262 3693 263 3698 ’
313 3685 416 3744 tenuia
437 3707 498 3747 esse
518 3697 548 3748 et
571 3687 709 3770 languido
732 3701 799 3771 post
820 3687 868 3754 illa
890 3696 1002 3752 vesicae
1021 3713 1081 3753 ιιοιι
1102 3697 1256 3774 imperat,
1276 3695 1382 3774 gannit
1398 3705 1429 3754 et

313 3779 419 3853 stabat,
450 3781 655 3865 maioremque
675 3783 779 3846 forsan
800 3787 1031 3849 obscoenitatem
1055 3790 1083 3847 in
1107 3787 1141 3848 iis
1162 3787 1273 3860 latere,
1294 3791 1331 3848 ad
1354 3809 1427 3849 ver-

313 3875 386 3937 lmm
416 3899 489 3940 vero
514 3879 603 3941 discit
624 3882 748 3941 omnino
768 3881 969 3966 supplendum
991 3904 1078 3962 esse,
1098 3883 1180 3967 quod
1201 3905 1217 3945 a
1237 3887 1426 3969 pantomimo

313 3987 487 4052 expressum
508 3973 547 4036 sit
566 3983 595 4034 et
615 3997 630 4034 a
651 3996 681 4036 se
702 3976 807 4036 visam.

250 4099 259 4132 ‚·
355 4067 498 4130 Ascendit
530 4069 694 4148 Thymelen
729 4069 763 4131 31
799 4071 968 4153 154549.
995 4073 1118 4152 Τγιιιοῖε
1144 4091 1177 4150 19
1199 4095 1213 4133 o
1236 4069 1275 4134 ιιι.
1296 4095 1344 4156 pr.
1367 4075 1426 4134 Ti-

316 4157 392 4220 melc
412 4181 460 4221 21.
486 4183 533 4224 aa.
554 4191 586 4202 -
608 4166 682 4226 dum
704 4169 813 4228 rustica
840 4169 883 4228 ιθ.
905 4182 964 4230 tum
988 4172 1099 4230 rustico
1116 4173 1162 4250 47.
1179 4169 1225 4244 5ss
1242 4171 1290 4250 57.
1307 4169 1356 4232 58.
1374 4171 1424 4241 64.
