3028 5492
339 405 364 465 C
819 401 958 464 tttnnx

338 599 392 666 aed
420 601 549 664 inferior
575 600 654 666 bene
684 609 886 684 accurateque
905 597 1126 685 interpretandi
1148 607 1223 662 arte.
1256 597 1337 660 Hinc
1355 597 1450 664 etim

338 697 571 762 commentarius
602 696 766 758 Britannici
796 697 913 778 saepias
935 696 991 758 sub
1015 694 1135 778 prelum
1155 704 1312 758 revocatus
1331 705 1397 770 est,
1416 705 1450 756 et

315 813 377 854 ‘ex
409 812 446 855 eo
479 793 653 873 Grangaeua
681 790 791 872 aliique
811 790 905 852 multa
926 789 1112 866 hauserunt,
1144 809 1183 850 ne
1211 787 1302 850 fontia
1321 787 1451 870 qnidam

336 886 493 948 mentione
520 887 608 946 lacta.
642 885 710 967 lpse
728 894 828 945 tanam
850 885 997 949 iactanter
1017 884 1129 966 magis,
1149 905 1240 966 quam
1259 903 1331 944 rere
1351 882 1452 966 dixit,

336 989 459 1064 praeter
472 979 597 1044 tortasse
611 980 668 1041 tria
688 989 738 1040 ant
757 967 888 1062 quatuor
907 979 946 1040 ad
965 999 1117 1040 summum
1131 978 1215 1053 loca,
1233 976 1310 1038 nibil
1325 997 1453 1060 prorsus

336 1075 501 1149 relictam,
532 1074 615 1158 quod
689 1095 721 1136 ae
745 1075 868 1136 nonsit
900 1075 1013 1156 optime
1033 1072 1247 1136 dilucidatum:
1275 1071 1452 1134 doctrinam

335 1167 420 1230 enim
439 1171 503 1230 eius
521 1180 552 1231 et
571 1170 849 1252 interpretationem
864 1171 979 1252 saepias
1000 1168 1114 1232 ridebis
1134 1161 1198 1230 ease
1212 1165 1259 1230 rel
1280 1169 1380 1228 minna
1396 1186 1453 1226 ac-

335 1272 493 1338 curatam,
521 1262 570 1326 vel
589 1263 679 1324 nimis
698 1273 836 1344 argutam
856 1273 887 1326 et
899 1263 1064 1342 subtilem,
1084 1261 1237 1346 copiosam
1257 1271 1287 1324 et
1305 1281 1453 1344 superra-

337 1376 443 1432 cnam,
455 1356 584 1418 alienam
598 1367 628 1418 et
641 1366 819 1420 contortam.

378 1453 549 1526 Iuvenalis,
572 1453 709 1528 Persius,
729 1453 896 1530 Horatius,
911 1452 1044 1514 Lucilius
1060 1493 1070 1528 ,
1089 1449 1234 1534 Lugduni
1253 1451 1317 1510 nar.

1246 1566 1342 1606 samo.
1359 1545 1450 1607 1500.

666 1695 775 1758 sino.
792 1694 876 1758 xva
903 1671 1106 1758 ibor-1601.

376 1832 398 1876 *
410 1829 517 1894 Aldina
537 1831 562 1892 1.
581 1831 700 1894 Veneta
719 1830 804 1892 xtx.
825 1838 868 1904 (a.
888 1831 949 1904 61.)
971 1829 1135 1905 luvenalis,
1148 1829 1290 1906 Persius,
1308 1828 1451 1890 venetiis

335 1928 422 2010 apud
441 1926 559 1988 Addam
578 1926 643 1988 sine
658 1931 811 1988 mentione
830 1925 924 1998 anni,
945 1927 1014 1988 dvo.

375 2021 448 2096 Quo
477 2041 559 2082 anno
588 2021 755 2104 prodierit,
787 2041 850 2079 non
877 2027 1013 2080 constat:
1044 2039 1110 2080 eam
1141 2039 1215 2080 vero
1236 2019 1363 2100 primam
1383 2039 1448 2080 ease

335 2113 501 2191 Aldinam‚
520 2115 568 2178 rel
587 2138 625 2178 ex
657 2135 693 2176 eo
715 2113 869 2197 probabile
889 2113 941 2187 iit,
979 2113 1063 2196 quod
1092 2114 1209 2176 Graeca
1231 2115 1341 2190 rerba,
1367 2134 1447 2196 quaa

335 2208 473 2285 Satvl,
497 2211 563 2290 ¹95·
582 2219 613 2271 et
632 2211 698 2284 IX,
721 2210 769 2292 37.
782 2209 813 2269 in
832 2209 956 2290 reliquis
975 2209 1092 2270 Aldinis
1118 2209 1269 2292 leguntur,
1284 2209 1315 2268 in
1335 2228 1390 2282 ea,
1412 2215 1448 2268 nt

336 2303 369 2363 ia
393 2305 480 2366 Rom.
500 2305 619 2387 prino,
638 2305 773 2368 nondum
794 2323 949 2384 expressa,
963 2305 1014 2364 aed
1036 2302 1123 2387 plane
1143 2305 1249 2365 onaissa
1269 2312 1345 2364 sunt.
1365 2303 1447 2363 Tres

336 2408 437 2459 antem
458 2417 520 2460 esne
540 2398 693 2460 dumtaxat
711 2398 858 2474 Aldiaas,
889 2397 1018 2480 primam
1038 2420 1062 2460 s.
1082 2422 1132 2474 a.,
1163 2397 1287 2460 alteram
1307 2419 1333 2458 a.
1358 2397 1446 2458 1501·

334 2499 367 2550 et
379 2491 498 2552 tertiam
519 2513 546 2552 a.
571 2493 656 2554 1535.
677 2491 846 2572 vulgatam,
864 2490 981 2574 liquido
1001 2491 1183 2552 contendere
1204 2511 1344 2570 possum,
1363 2511 1448 2570 quo-

333 2585 418 2646 niam
438 2595 482 2647 tot
501 2586 532 2647 in
554 2588 691 2648 manibus
715 2587 803 2648 habui
815 2631 825 2664 ,
839 2608 916 2668 quae
930 2608 1034 2648 omnen
1053 2586 1126 2647 olim
1142 2588 1173 2646 in
1194 2584 1335 2646 biblioth.
1350 2603 1446 2666 prae-

333 2675 415 2737 clara
434 2678 639 2762 Kalenkampi
659 2681 815 2742 exstabant
835 2691 886 2756 et,
918 2691 1077 2764 antequam
1109 2679 1158 2740 illa
1179 2677 1375 2752 tenderetur,
1406 2679 1456 2762 nb¹

198 2820 201 2840 ,
332 2771 477 2852 Heynio,
505 2793 582 2853 quae
602 2793 706 2854 magna
725 2775 789 2834 eius
813 2775 1018 2836 benevolentia
1046 2783 1111 2850 est,
1146 2773 1223 2834 mihi
1248 2773 1447 2834 transmissae

332 2874 413 2926 nunt.
433 2865 458 2928 A
478 2866 617 2927 Fabricio
646 2867 726 2928 nulla
746 2878 931 2930 memoratur
949 2868 1079 2944 Aldina,
1104 2872 1138 2930 in
1166 2867 1237 2931 edit.
1265 2877 1364 2928 autem
1385 2867 1447 2930 Bi-

333 2967 419 3040 pont.
441 2979 501 3018 una
523 2969 655 3036 tantum,
675 2971 707 3022 et
726 2961 849 3042 quidem
864 2963 910 3022 his
930 2963 1048 3023 verbis:
1085 2963 1218 3036 a(t501)
1252 2959 1359 3022 Aldina
1379 2966 1450 3020 sina

334 3051 407 3112 anni
427 3062 518 3128 nota,
553 3057 622 3116 dvo.
656 3055 805 3118 luvenalis
826 3066 856 3118 at
875 3057 993 3118 Persius
1013 3076 1051 3118 ex
1072 3055 1189 3117 officina
1213 3053 1294 3114 Aldi.
1329 3051 1449 3114 Eodem

332 3165 413 3210 anno
440 3157 471 3208 et
492 3147 593 3228 prodit
612 3169 649 3209 ex
669 3150 718 3210 off.
739 3151 810 3212 Aldi
830 3151 989 3226 Horatius;
1005 3171 1136 3234 quocum
1159 3149 1252 3210 iuncti
1275 3169 1450 3209 memoran-

332 3247 385 3300 tur
405 3240 436 3300 in
457 3241 579 3323 Solgeri
601 3241 697 3303 Garat.
715 3243 791 3304 Bibl.
813 3253 907 3326 (quae
928 3245 1003 3305 dein
1020 3245 1143 3305 accessit
1162 3243 1200 3304 ad
1221 3243 1295 3304 llibl.
1317 3243 1449 3305 Norim-

331 3331 523 3414 bergensem)
545 3335 649 3396 2111.
671 3358 698 3417 p.
719 3339 787 3418 278.
809 3358 840 3396 n.
866 3337 952 3398 1833.
975 3337 1027 3397 ubi
1047 3336 1219 3397 adnotatum
1242 3336 1371 3418 legitur:
1399 3337 1450 3397 Ob

330 3443 418 3488 notas
438 3427 527 3490 MSS.
547 3430 664 3489 Lazari
683 3430 841 3511 Spengieri
861 3431 992 3506 Syrtdioi
1003 3433 1264 3514 Norimbergensis
1275 3432 1449 3492 doctissimi

331 3521 367 3602 (†
391 3521 479 3596 1534)
497 3525 529 3582 ira
547 3525 645 3602 pretio
664 3525 842 3585 habenda.»
879 3527 974 3586 Hasce
1006 3536 1092 3586 notas
1119 3526 1226 3588 resciri
1257 3547 1319 3586 non
1340 3524 1448 3607 magni

332 3634 395 3676 ense
415 3616 560 3677 momenti
579 3625 610 3676 et
632 3615 670 3676 ad
689 3617 848 3680 Horatium
869 3620 998 3680 maxime
1019 3625 1178 3700 pertinere.
1211 3619 1321 3682 Aldina
1341 3629 1447 3680 autem

330 3709 395 3770 aine
414 3713 485 3771 anni
501 3718 571 3770 nota
585 3711 761 3792 neutiquam
774 3713 986 3776 confundenda
1006 3724 1051 3774 est
1070 3735 1140 3774 oum

370 3802 512 3864 *Aldina
544 3803 585 3866 ll.
613 3807 728 3867 Veneta
749 3807 818 3870 XX.
851 3805 1176 3882 (n.lia.)1uvenalis',
1209 3809 1446 3871 Persian-Ad

330 3897 445 3960 calcem
465 3899 632 3961 Inrenalin:
656 3903 786 3962 Vertetiis
805 3903 892 3984 apud
914 3903 1051 3980 Alsium,
1072 3913 1102 3966 et
1122 3904 1231 3966 Persii:
1257 3905 1390 3966 Venetiis
1408 3909 1445 3968 in

329 3992 454 4053 oedibus
473 3995 573 4070 Aldi,
1258 3999 1329 4061 nvo.
1353 3999 1443 4060 1501.

369 4086 435 4146 Hoc
452 4106 534 4147 anno
558 4087 647 4147 etiam
669 4087 811 4148 Horatius
838 4098 869 4149 et
889 4088 1033 4170 Virgilius
1063 4089 1168 4151 eodem
1196 4089 1283 4173 prelo
1303 4093 1444 4174 typisque

330 4179 520 4254 minoribus,
543 4181 597 4262 qui
618 4175 903 4256 Italici,c1irrerrtes
924 4195 955 4245 et
973 4187 1085 4247 Aldini
1104 4187 1191 4266 vulgo
1206 4197 1361 4258 vocantur,
1381 4208 1442 4247 ax-

329 4276 392 4334 cusi
413 4283 489 4334 sunt
529 4275 622 4354 Quod
641 4297 712 4338 vero
741 4277 847 4358 Heyne
875 4279 907 4340 in
935 4281 1039 4342 Iudice
1070 4281 1236 4342 editionum
1263 4280 1379 4364 Virgilii
1406 4303 1439 4364 p.

330 4367 414 4429 XCI.
435 4368 519 4442 (edit.
538 4369 601 4447 alt.)
622 4369 660 4436 da
681 4371 790 4436 Aldina
804 4375 892 4438 tertia
913 4373 1007 4436 dixit:
1022 4377 1189 4470 propriora
1208 4392 1237 4440 et
1255 4380 1333 4440 inter
1347 4398 1441 4462 prae·
