3046 5498
1168 345 1250 456 xlv

144 593 206 656 Cu.
235 592 389 670 Naevius,
427 559 650 679 antiquissimus
686 595 897 660 Romanorum
917 585 1038 680 'palm
1057 591 1111 681 qui
1130 593 1246 659 bellum
1358 583 1364 594 ’

108 691 266 756 Punicum
301 691 338 768 Ι,
358 713 423 774 quo
444 691 590 776 stipendia
611 693 748 770 fecerat,
780 693 916 756 versibus
949 694 1108 778 descripsit
1135 695 1248 757 Satur-

117 792 195 864 niis,
214 789 352 850 satiram
373 809 497 873 quoque
518 789 715 872 composuit,
735 801 810 855 teste
830 791 920 853 Festo
941 813 970 875 p.
994 795 1049 866 4¹¹
1076 791 1147 854 edit.
1182 794 1247 854 Da·

8 890 10 940 2
119 886 200 948 cerii.
216 884 305 946 Ilaec
325 907 401 947 sero
423 885 618 948 hauddubie
639 886 700 948 fuit
721 886 910 948 dramaticus
930 909 1003 949 nam
1024 888 1156 950 Naevius
1185 889 1244 950 iarn

118 984 185 1044 inde
202 979 239 1040 ab
260 1003 291 1042 a.
315 981 356 1041 V.
378 1004 406 1043 c.
430 982 561 1058 DXIX,
587 981 724 1067 adeoque
744 983 948 1068 quadriennio
968 993 1037 1068 post
1056 993 1162 1046 natum
1178 985 1247 1044 En-

118 1081 217 1153 nium,
247 1074 374 1136 fabulas
403 1075 486 1137 dedit
518 1087 570 1150 (r.
594 1076 673 1136 Geli.
698 1077 812 1152 XVII,
834 1099 869 1138 21
894 1087 1019 1155 ertu),
1046 1087 1077 1138 et
1106 1087 1247 1141 mortuus

120 1184 159 1235 ost
174 1193 200 1231 a.
223 1173 267 1232 V.
292 1193 320 1233 c.
347 1171 491 1234 DXLIX.
511 1195 540 1233 s.
563 1173 691 1234 Hieron.
714 1173 745 1232 in
767 1173 884 1234 Cbron.
907 1172 1018 1234 Euseb.
1048 1171 1087 1233 ad
1118 1172 1244 1256 Olymp.

119 1273 175 1342 sal.
196 1266 255 1327 nbi
279 1268 376 1329 etiarn
398 1266 512 1342 tradit,
534 1289 604 1328 eum
626 1269 668 1331 ob
689 1268 931 1330 maledicentiam
952 1268 1088 1350 Scipioni
1103 1269 1248 1330 Africano

111 1375 137 1426 et
157 1361 294 1426 Metello
313 1363 446 1426 invisum
466 1365 578 1439 fuisse,
599 1375 629 1425 et
653 1366 787 1446 primum
809 1368 840 1426 ln
863 1385 1015 1428 carcerem
1037 1387 1054 1425 a
1074 1366 1248 1428 triumviris

105 1459 296 1540 capitalibus
315 1461 509 1530 coniectum,
529 1461 641 1524 deinde
663 1463 695 1522 iu
716 1463 855 1522 exsilium
883 1471 1001 1537 actum,
1024 1481 1080 1522 neo
1101 1461 1173 1523 iude
1193 1483 1248 1522 re-

105 1555 198 1618 diisse
222 1558 382 1630 Romam,
403 1555 456 1618 sed
477 1555 580 1618 Vticae
595 1558 713 1620 obiisse.
729 1555 836 1619 Talem
851 1579 975 1639 quoque
998 1557 1137 1640 auspicor
1151 1557 1247 1619 laicae

107 1653 242 1714 Salicum
275 1654 314 1714 L.
338 1654 516 1736 Pomponii,
550 1675 627 1736 quae
648 1655 680 1714 in
701 1664 785 1716 sexto
817 1655 962 1716 Prisciani
991 1653 1071 1714 libro
1092 1653 1243 1716 laudatur.

109 1751 181 1812 Fuit
201 1751 226 1812 is
249 1751 453 1812 Bononiensis
473 1761 504 1810 et
524 1749 706 1810 clarissimus
737 1749 946 1812 Atellanarum
979 1751 1130 1833 scriptor,
1151 1771 1243 1834 quem

112 1846 245 1909 Velleius
268 1848 337 1908 Pat.
359 1847 410 1920 II,
427 1865 455 1926 9.
470 1846 602 1908 Sullanis
617 1845 692 1907 dicit
707 1847 896 1929 temporibus
911 1847 1040 1919 vixisse,
1059 1847 1246 1908 accessibus

115 1945 205 2006 foisse
238 1941 418 2018 celebrem,
449 1943 551 2003 serbis
578 1943 687 2003 rudem
710 1953 741 2002 et
762 1943 897 2004 novitate
919 1941 1034 2005 inventi
1055 1963 1071 2002 a
1093 1963 1124 2004 se
1145 1941 1247 2024 operis

117 2037 405 2102 commendabilem.
428 2037 582 2100 Atellanae
610 2039 675 2098 eius
702 2048 911 2100 memorantur
933 2037 1009 2100 Gell.
1035 2039 1084 2114 X,
1106 2037 1247 2113 saxu,

123 2160 165 2198 so.
185 2135 285 2210 XVI,
308 2136 339 2198 6.
360 2135 488 2212 XVIII,
509 2133 539 2195 6.
559 2134 608 2196 Ad
630 2134 710 2196 idem
731 2136 813 2196 forte
837 2136 1005 2198 Satirarum
1032 2155 1127 2216 genus
1162 2135 1249 2198 refe-

120 2233 231 2296 rendae
250 2241 327 2294 sunt
355 2232 441 2307 illae,
470 2251 545 2314 quas
575 2233 613 2292 T.
644 2231 808 2310 Quinctius
841 2235 909 2292 Atta
942 2231 1100 2292 Ciceronis
1129 2240 1252 2304 aetate,

126 2339 239 2414 praeter
257 2329 395 2412 Togatae
414 2325 531 2390 fabulas
552 2337 584 2389 et
604 2326 849 2409 Epigrammata,
873 2327 1030 2408 scripsisse
1059 2325 1249 2408 perbihetur.

9 2425 10 2441 .
134 2451 163 2492 r.
181 2425 311 2488 Diomed.
336 2434 368 2487 ct
388 2424 526 2486 Macrob.
993 2441 994 2444 ¹

8 2506 10 2530 ⁵
168 2526 328 2586 Ennianos
361 2521 481 2582 Satis-as
514 2519 639 2602 scripsit
671 2519 715 2581 M.
751 2517 920 2594 Pacuvius,
948 2524 1035 2599 poeta
1057 2519 1193 2601 tragicus
1218 2533 1250 2582 et

127 2621 242 2700 pictor,
274 2620 369 2680 Ennii
401 2637 496 2702 nepos
528 2639 567 2678 ex
594 2637 716 2693 sorore,
739 2617 761 2678 si
785 2616 882 2676 Plinio
903 2613 1047 2690 XXXV,
1066 2619 1106 2693 4,
1130 2615 1177 2677 sel
1211 2637 1249 2677 ex
1302 2686 1304 2694 Ι

8 2736 10 2782 ἒ
121 2715 195 2792 filia,
229 2715 254 2779 si
287 2717 480 2799 Hieronymo
512 2713 586 2776 fides
620 2711 758 2774 habenda
785 2713 817 2772 in
846 2711 961 2773 Cbron.
992 2711 1101 2772 Euseb.
1123 2711 1247 2796 Olymp.

119 2813 237 2888 CLVI,
258 2815 289 2876 3.
311 2813 365 2874 ubi
386 2813 411 2874 is
431 2813 489 2874 hoc
510 2831 590 2874 anuo
612 2809 699 2871 illum
720 2808 873 2871 Brundisii
896 2818 1001 2870 natum
1023 2829 1086 2870 esse
1107 2819 1137 2870 et
1151 2831 1249 2892 prope

116 2910 358 2992 nonagenarium
378 2909 504 2970 Tarenti
526 2906 637 2968 obiisse
656 2907 760 2968 refert.
782 2905 893 2967 Vtrum
915 2925 987 2966 sero
1008 2904 1141 2988 pressius
1155 2905 1244 2966 Ennii

116 3007 241 3088 vestigia
263 3015 487 3089 persequutus,
506 3025 545 3066 au
566 3003 693 3085 proprio
713 3003 841 3066 consilio
863 3023 936 3064 usus
956 3002 1012 3078 sit,
1033 3023 1097 3062 nun
1112 3011 1247 3064 constare
1306 3007 1310 3014 '

114 3102 188 3185 quin
219 3103 377 3163 salisicum
389 3119 514 3184 quoque
533 3107 653 3182 poetam
674 3119 745 3160 eum
764 3099 856 3160 fuisse
878 3098 1109 3179 Ignoraremus,
1130 3097 1187 3158 nisi
1214 3098 1246 3160 id

8 3228 11 3280 3
114 3197 271 3260 docuisset
291 3219 346 3259 uos
366 3195 533 3260 Diomedes
552 3195 604 3256 lib.
626 3195 682 3256 III.
704 3215 734 3277 p.
757 3198 829 3270 483.
850 3195 897 3256 ed.
914 3193 1036 3256 Putscb.
1050 3195 1137 3255 cuius
1153 3197 1246 3256 verba

8 3285 9 3296 ³
114 3293 175 3354 iam
209 3315 303 3380 snpra
328 3293 537 3356 laudavimus.-
561 3295 643 3356 Olim
665 3315 812 3365 carmen,
835 3291 919 3378 qrsod
939 3313 982 3353 ess
1002 3294 1096 3352 variis
1113 3298 1248 3373 polima-

8 3455 10 3466 .
115 3391 194 3450 utro
227 3391 406 3466 constabat,
438 3391 545 3452 Satira
575 3389 758 3463 vocabatur,
778 3390 869 3470 qrsole
888 3389 1073 3469 scripserunt
1095 3391 1247 3448 Pacuuius

8 3483 10 3532 l
114 3500 143 3548 et
163 3490 297 3549 Ennius.
320 3484 492 3548 Pacuviano
514 3483 638 3568 quidem
660 3494 820 3545 servarunt
844 3482 955 3544 Cicero
976 3482 1037 3554 (de
1058 3483 1130 3545 Dis·
1155 3483 1247 3562 1,57.

113 3589 144 3642 et
165 3579 205 3642 ad
225 3582 343 3642 Hercu.
365 3579 416 3654 Il,
438 3579 483 3638 23.
501 3588 534 3652 )‚
553 3579 670 3640 Gellius
692 3579 751 3653 (I,
774 3577 940 3653 24.11,2ss.
961 3577 1032 3651 IV,
1058 3597 1102 3658 17.
1125 3577 1183 3651 IX,
1202 3583 1246 3649 ¹4·

116 3676 218 3750 x111,
239 3682 269 3738 a.
292 3678 321 3738 8.
343 3697 394 3759 29.
415 3674 512 3750 XIV,
537 3685 584 3751 1.)
615 3685 646 3735 et
671 3675 736 3735 alii:
761 3674 814 3736 sed
836 3673 909 3736 baec
936 3673 1160 3754 tragoediarum
1182 3673 1247 3736 eius

115 3773 164 3848 sel
199 3775 479 3858 epigrammatum,
507 3795 571 3836 non
599 3772 781 3844 satirarum,
816 3773 986 3855 fragmenta
1012 3779 1082 3832 suot
1102 3778 1133 3830 et
1154 3769 1243 3830 tituli.

116 3870 168 3932 De
188 3869 314 3952 ingenio
334 3869 416 3930 illius
436 3869 475 3932 ita
496 3868 641 3931 iudicarit
660 3866 865 3948 Quintilianus
885 3866 910 3927 I.
931 3867 968 3927 0.
988 3865 1037 3940 X,
1056 3866 1158 3926 s.Hic
1176 3887 1246 3952 gra·

117 3969 208 4026 vitute
227 3972 464 4044 sententiarum,
481 3967 618 4052 pondere
637 3967 816 4038 verborum,
836 3964 1014 4024 auctoritate
1042 3985 1244 4044 personarum
1269 4021 1271 4028 ,

116 4063 307 4124 clarissimos
315 4066 401 4149 fuit,
424 4068 504 4126 citra
524 4078 626 4124 tossen
646 4066 787 4123 nitorem.

157 4159 297 4237 Quinam
319 4168 425 4241 poetae
448 4169 568 4244 praeter
589 4159 754 4220 Pacuvium
776 4159 928 4218 Ennianus
942 4153 1180 4239 conscripserint
1194 4157 1247 4218 Sa·

18 4266 24 4347 J
116 4254 214 4329 tiras,
236 4277 298 4316 non
330 4257 424 4319 babeo
445 4257 556 4320 dIcere.
576 4257 613 4318 Iu
635 4255 836 4318 eorumlorte
856 4263 1098 4316 numerumtus'u
1119 4254 1245 4337 quidam

11 4352 18 4438 μ’
118 4371 157 4411 ex
178 4353 215 4412 iis
237 4353 391 4414 referendi
412 4365 501 4429 sunt,
523 4375 599 4439 quos
621 4355 701 4415 infra
722 4355 754 4414 in
776 4352 885 4416 Lucilii
907 4352 1074 4415 imitatores
1095 4354 1241 4437 reposui,

11 4439 12 4447 ¹
119 4459 184 4513 tum
209 4450 338 4517 Saesius
358 4451 490 4516 NIeanor
510 4453 757 4532 Grammaticus,
779 4450 831 4536 qui
851 4450 997 4516 Varronis
1010 4472 1102 4528 aevu,
1119 4452 1167 4518 rel
1181 4472 1245 4516 uon
