3046 5498
728 375 784 439 DE
818 373 968 439 sluttra

296 343 443 447 xxviii

293 585 405 672 scripto
450 579 515 645 iam
547 577 592 645 acl
619 577 768 645 tibicinem
791 592 903 661 cantu,
944 591 1085 669 motuque
1118 577 1297 666 coagmeui
1315 602 1420 667 pero-

293 682 411 768 gebant.
462 679 566 744 Liriur
582 690 652 765 post
672 677 787 758 aliquot
806 680 921 757 aanor,
956 679 1010 764 qui
1040 677 1078 742 ct
1105 679 1217 742 acturis
1251 698 1341 742 austu
1370 688 1420 744 ert

289 779 407 860 primus
426 789 601 859 argenteum
611 771 760 858 fabulam
794 795 890 840 serere
917 777 963 848 (r)
985 771 1092 850 (idem
1118 774 1251 851 scilicet,
1276 771 1313 836 ta
1329 771 1421 859 qunti

294 895 397 938 coenes
423 877 469 949 (a)
484 887 546 936 tum
564 886 674 950 erant,
692 891 813 934 suorum
833 874 1005 935 carminum
1018 877 1150 948 octor),
1172 870 1301 950 elicitur,
1320 889 1419 956 quum

293 975 413 1054 saepius
435 980 589 1032 revocatus
610 989 710 1030 rocem
732 968 909 1044 obaudisset,
930 967 975 1042 (3)
1000 969 1087 1030 venia
1104 971 1203 1050 petita
1219 989 1347 1052 puerum
1368 965 1419 1030 acl

293 1065 465 1128 cauendum
485 1079 556 1126 onte
575 1065 726 1126 tibicinem
747 1085 841 1148 quum
862 1065 1026 1138 statuisset,
1048 1066 1199 1126 conicum
1227 1066 1319 1148 egisse
1345 1065 1419 1126 att-

292 1175 406 1247 puncto
427 1164 525 1245 nangis
544 1164 656 1244 vigente
675 1174 768 1234 motu,
788 1163 862 1242 quia
879 1160 956 1220 nibil
975 1161 1054 1222 cocis
1072 1179 1142 1220 usus
1161 1158 1352 1241 impediebat.
1367 1161 1417 1235 (4)

292 1258 373 1320 tate
382 1258 427 1320 od
447 1279 573 1320 manum
592 1259 710 1319 cantori
723 1256 920 1318 histrionibus
927 1270 1077 1340 coeptum,
1091 1255 1284 1338 diverbiaque
1296 1267 1418 1317 taotrtm

178 1374 184 1386 ·
292 1357 426 1439 ipsorum
446 1357 510 1420 voci
522 1356 641 1424 relicta.
661 1354 709 1431 (5)
730 1355 896 1438 Postquam
922 1354 986 1438 lege
1009 1353 1066 1414 boc
1074 1352 1260 1437 fabularum
1280 1353 1318 1413 ab
1348 1355 1413 1415 risu

326 1565 370 1636 (t)
385 1565 415 1619 1..
439 1573 482 1618 aut
494 1563 533 1619 rt.
548 1565 633 1620 Livius
645 1563 825 1632 Andronicus,
877 1571 932 1629 ret,
947 1561 1000 1634 ipse
1011 1578 1075 1620 roro
1089 1563 1209 1617 curativum
1223 1566 1276 1634 egit
1286 1557 1411 1616 mitescil.

294 1651 423 1714 Graccus,
443 1651 481 1704 M:
496 1651 566 1704 Livii
579 1650 731 1704 Salinatoris
744 1649 823 1704 liber·
877 1667 1005 1704 manuum
1017 1661 1043 1703 et
1054 1650 1132 1703 totius
1149 1649 1277 1720 corporis,
1290 1647 1317 1700 h.
1331 1667 1354 1700 e.
1371 1665 1412 1702 so·

293 1743 348 1798 tus,
360 1752 384 1788 a.
397 1735 430 1787 V.
445 1752 469 1790 c.
481 1735 575 1788 DXIV.
587 1736 616 1786 C.
627 1733 737 1787 Claudio
749 1733 826 1805 Appii
875 1735 1033 1805 lilnquium,
1046 1733 1115 1804 quod
1128 1751 1143 1787 a
1159 1751 1240 1804 puero
1254 1733 1413 1796 emebatur,

292 1813 395 1868 Claudii
412 1817 488 1868 Caeci
509 1814 563 1868 titio
586 1825 611 1868 et
635 1816 674 1869 M.
695 1816 826 1869 Tuditano
875 1818 1033 1873 histrionum
1046 1836 1120 1871 more
1137 1816 1259 1888 expressit
1275 1813 1411 1889 gesticula-

292 1900 363 1951 Cnss.
386 1915 454 1951 anno
481 1909 541 1951 unte
557 1909 648 1952 natum
665 1899 780 1952 Ennium
800 1909 826 1952 el
874 1906 944 1956 tione
957 1907 1106 1972 (quosenru
1116 1902 1194 1956 etiam
1206 1907 1414 1971 canticumagere

291 1993 348 2052 post
357 1983 504 2036 conlectum
512 1983 745 2039 bellumPunlcunr
753 1985 790 2050 1.(
800 2001 826 2036 r.
876 1987 940 2042 dixit
953 1990 1024 2040 Suet.
1033 1985 1111 2040 Galb.
1128 1993 1168 2040 ts.
1180 1967 1259 2040 oliv.
1277 1983 1411 2053 Ernesti),

291 2067 344 2119 Clc.
359 2069 430 2122 Brut.
446 2074 487 2122 ⁴8.
502 2079 527 2121 et
540 2072 616 2124 Tuto.
625 2073 656 2138 Q.
673 2071 701 2134 l,
717 2079 742 2122 t.
756 2067 825 2121 Gell.
875 2071 1018 2142 etquidem
1030 2069 1115 2124 multo
1125 2069 1216 2124 acriori
1228 2089 1258 2123 nc
1269 2069 1413 2122 schemen·

291 2151 377 2218 XVll,
402 2157 484 2204 2t.et
501 2155 534 2205 ad
557 2152 601 2204 hh.
629 2152 657 2208 ll.
676 2156 778 2222 lotpp.)
794 2153 825 2204 ab
875 2155 950 2221 tiori,
971 2173 1054 2226 quum
1080 2173 1133 2207 uon
1156 2151 1233 2207 simul
1254 2171 1346 2206 canere
1364 2169 1412 2205 ro·

292 2233 401 2300 Saturis,
423 2245 479 2307 post
503 2239 624 2300 Saturus,
650 2257 716 2309 qnae
733 2237 778 2290 diu
797 2235 825 2288 in
874 2257 983 2308 cemque
996 2237 1132 2292 intendere
1140 2257 1203 2308 opus
1212 2245 1285 2290 esset.
1297 2240 1334 2289 lta
1345 2253 1411 2304 quo·

290 2319 373 2373 scenis
387 2319 533 2391 viguerant,
545 2341 615 2374 austu
628 2318 1409 2393 estprtmusflx·qnevaier.Max.11‚t,4.haecverba

289 2405 421 2471 bubas(ex
438 2409 537 2460 Graeco
550 2406 577 2459 in
595 2406 705 2460 latinum
729 2406 825 2460 sermc'·
874 2407 1055 2478 interpretatus
1076 2417 1130 2459 est:
1150 2405 1273 2459 Adhibito
1290 2407 1362 2474 pueri
1384 2413 1412 2454 et

290 2505 352 2540 nem
366 2485 475 2558 vertosi
496 2511 575 2543 serere
581 2528 592 2554 ,
609 2502 772 2558 construere,
784 2512 825 2544 ar·
874 2495 982 2546 tibicinis
992 2505 1110 2545 cnrrcentu
1122 2491 1336 2562 gesticulationem
1348 2489 1412 2540 toci·

290 2587 425 2645 gumentc,
445 2574 471 2628 lr.
492 2595 515 2628 e.
541 2577 667 2644 scribere,
687 2578 779 2630 docere
799 2587 825 2630 et
874 2573 1409 2649 teupercgit.-Canticumllomanivccv

289 2676 365 2729 ogere
386 2657 484 2711 fabulas
511 2661 585 2713 unius
603 2661 768 2732 eiusdemque
785 2679 824 2713 ar·
874 2653 1411 2730 bonipoaoloylttuvelsoliloquium‚qrrcd

289 2740 426 2809 (rumenti,
441 2760 507 2812 quae
521 2743 634 2812 partibus
648 2743 715 2796 inter
728 2763 753 2796 sc
766 2763 824 2796 con·

288 2823 361 2876 nexis
379 2835 405 2876 et
430 2826 495 2894 aptis
520 2837 681 2892 constarent,
706 2845 777 2891 non,
796 2837 825 2880 ut

289 2909 409 2974 Saturae,
433 2909 622 2962 confunderent
645 2921 670 2962 et
689 2912 824 2965 miscerent

288 3009 329 3043 ros
343 2990 418 3061 pline
432 2991 545 3046 diversas
558 3011 586 3045 oc
601 2993 691 3045 varias.
721 2995 820 3047 Distin-

288 3074 352 3128 ctius
365 3074 427 3128 haec
450 3075 573 3145 expressit
591 3075 677 3130 Valer.
701 3078 769 3134 Max.
784 3079 823 3144 ll,

288 3165 318 3221 t,
338 3158 538 3211 amiticiam
557 3160 700 3230 exscripsit:
715 3163 742 3215 A
755 3161 824 3215 Satu-

287 3249 322 3294 ris
346 3249 441 3314 primus
463 3250 573 3297 criterium
594 3249 668 3316 pcita
690 3246 774 3299 Livius
790 3248 824 3299 ad

281 3327 426 3398 faborianum
438 3343 584 3400 argumenta
596 3337 757 3400 spectantium
769 3337 823 3385 arri·

287 3431 340 3463 mos
352 3415 485 3467 transtulit.

320 3498 363 3563 (2)
377 3515 460 3550 omues
469 3496 523 3550 scil.
533 3496 677 3550 fabularum
691 3509 806 3552 auctores
814 3538 822 3565 ‚

287 3577 328 3632 rel
355 3585 444 3650 pc'e'tuc
462 3581 604 3634 dramatici.
634 3581 738 3652 Ellipsis
757 3583 822 3635 dura

286 3671 338 3723 est.
353 3673 378 3716 et
392 3665 468 3718 verba
481 3683 595 3734 qunque,
613 3667 757 3736 parenthesi
776 3669 818 3720 iu·

286 3750 374 3812 clusa,
388 3749 509 3802 videntur
524 3749 579 3802 loco
596 3770 642 3803 suo
664 3764 734 3804 moto
751 3771 821 3818 essc,

287 3841 362 3903 atque
371 3842 426 3903 post
436 3851 492 3886 roc.
504 3832 678 3886 reuocatusrel
691 3837 820 3888 obtudisset

285 3917 414 3985 ponendo.

317 4006 359 4071 (3)
374 3991 462 4057 vocem
482 4003 626 4071 cbtuclissct,
641 4003 741 4075 saepius
761 4023 817 4058 rnn-

283 4083 363 4136 tando
386 4103 476 4139 rocem
491 4087 590 4141 lecisset
607 4089 776 4141 infirmicrcur
793 4097 819 4140 et

283 4185 400 4223 raucam.

304 4243 356 4320 '(t)
370 4254 461 4309 Livius
474 4255 637 4312 Andronicus
648 4296 655 4323 ,
666 4275 746 4328 quum
760 4277 817 4313 rou·

282 4357 326 4393 cut
340 4350 405 4394 osset
420 4341 517 4410 iactus,
530 4359 639 4414 puerum
656 4345 758 4411 ncelrit,
772 4343 817 4416 qui

282 4422 316 4480 atl
332 4423 425 4481 modos
442 4425 520 4482 tibine
541 4437 644 4485 caneret
656 4448 678 4486 a.
694 4428 818 4486 declama·

874 2743 928 2799 scil.
943 2745 974 2798 ad
994 2743 1087 2796 modos
1101 2742 1177 2796 tibiae
1195 2743 1294 2794 canitur
1305 2749 1350 2792 artt
1364 2757 1410 2790 re·

874 2827 981 2892 citatur3
1007 2827 1118 2880 diverbia
1136 2835 1221 2879 autern
1244 2822 1374 2894 dialogum
1388 2841 1412 2876 e.

873 2911 999 2981 colloquio
1007 2913 1118 2965 duorum
1128 2910 1274 2981 pluriumve
1284 2920 1411 2962 actorum.

874 2996 1013 3048 Diomedes
1027 2999 1069 3050 lll.
1082 3015 1108 3066 p.
1119 3001 1177 3049 488.
1194 2993 1293 3048 collect.
1307 2992 1411 3046 Putsclr.

873 3081 1007 3144 Membra,
1029 3080 1131 3148 inquit,
1154 3080 1337 3132 comoediarum
1359 3077 1412 3127 tria

872 3177 943 3222 stent.
974 3164 1110 3216 diverbium
1116 3201 1127 3229 ,
1152 3165 1275 3214 continua
1283 3199 1293 3224 ,
1315 3159 1411 3212 odorra.

873 3251 994 3303 Diverbia
1003 3262 1058 3302 soret
1065 3271 1109 3304 eae
1118 3250 1304 3316 comoediarum
1316 3259 1411 3316 parter,

873 3337 899 3386 in
912 3335 997 3405 quidus
1010 3336 1165 3388 diversorum
1177 3351 1298 3402 personae
1311 3348 1411 3382 versare·

872 3433 919 3472 tur.
936 3419 969 3470 Ire
983 3423 1085 3472 canticis
1096 3432 1179 3471 autum
1190 3436 1240 3469 rura
1262 3427 1356 3466 tontum
1368 3413 1412 3465 ete»

871 3503 909 3553 det
923 3523 973 3555 esse
984 3523 1089 3574 persona
1096 3525 1105 3568 3
1119 3513 1180 3567 aest,
1193 3505 1214 3552 ti
1227 3502 1291 3552 duae
1300 3498 1409 3570 suerint,

872 3589 908 3638 r'ta
918 3587 1006 3639 clebrrrt
1020 3607 1088 3651 csso,
1109 3601 1134 3639 ut
1147 3604 1180 3638 ca·
1197 3585 1291 3637 ccmrltc
1308 3600 1357 3632 urta
1366 3601 1411 3632 art·

872 3673 939 3737 sliat,
956 3693 1001 3725 nrc
1018 3675 1186 3744 colloquatur,
1211 3672 1255 3723 sed
1275 3669 1410 3730 securn,ri

872 3756 1038 3827 cpussuerit,
1060 3754 1137 3816 verba
1146 3752 1243 3824 saciat.
1275 3749 1308 3800 Ira
1327 3747 1411 3798 elucris

871 3855 1048 3890 veronumcrur
1057 3856 1216 3908 personarum
1232 3833 1350 3905 definitus
1359 3847 1410 3882 nott

872 3934 915 3975 est.

906 4008 949 4074 (5)
967 4007 1121 4077 interpretes
1135 4015 1235 4060 tautum
1251 4019 1304 4058 nou
1317 4015 1409 4052 ornnes

870 4089 981 4145 iunxisse
1002 4093 1080 4146 verba
1100 4093 1134 4144 ad
1158 4107 1263 4144 manum*
1278 4087 1407 4140 districci-

869 4177 926 4244 bus,
944 4195 1023 4247 euque
1037 4196 1083 4246 pro
1097 4177 1133 4228 ad
1149 4195 1248 4229 manaem
1260 4171 1409 4227 etiuctoucm

870 4261 952 4331 posita
968 4262 1092 4332 occepisse
1107 4260 1236 4315 videntur.
1254 4253 1412 4314 Gronovius

871 4356 896 4399 et
906 4346 1044 4400 llamlraeh.
1059 4346 1090 4400 ad
1104 4348 1212 4401 Casaub.
1226 4365 1251 4417 p.
1268 4347 1319 4398 rue
1331 4357 1408 4408 expo·

869 4439 952 4488 nunrr
962 4427 1052 4486 tacitae
1064 4428 1194 4488 histrionis
1205 4420 1409 4502 gesticulatlcul,
