3078 5494
598 377 814 438 excursus
1165 355 1258 480 ²87·
1366 369 1369 377 ·

143 574 299 651 Caesario,
321 573 360 637 de
374 593 432 660 qun
446 597 475 639 v.
487 575 571 640 Suet.
583 573 689 637 Claud.
710 595 737 638 e.
754 577 782 639 5.
802 585 834 640 et
853 577 881 639 8.
910 577 1003 640 lieete
1018 586 1116 640 tumen
1131 599 1262 644 monne-

143 678 217 733 runt
237 669 295 731 iam
311 670 368 732 viri
389 669 471 733 docti
485 691 548 732 non
568 669 647 734 bene
660 672 797 733 Drusum
818 673 987 754 longinum
1008 675 1258 751 vitulirmarinir,

141 765 173 826 lu.
194 785 221 828 e.
242 765 364 849 pluoeie,
385 775 417 829 et
435 767 592 850 ingeniose
611 767 809 854 eonieoarunt
827 787 964 830 somnum
989 789 1060 830 mo
1084 769 1131 831 uel
1150 773 1262 834 reetioe

138 879 263 921 mmnos
279 881 382 936 urso,
407 861 489 944 quod
521 861 610 922 etiam
630 860 741 943 legitur
770 862 803 922 in
823 861 873 936 45.
895 881 912 921 u
933 882 974 922 m.
1003 882 1061 924 uou-
1082 861 1131 924 5ο.
1160 873 1192 924 et
1211 866 1260 940 64.

139 953 258 1015 llotnm
279 962 337 1032 est,
362 976 449 1016 nraoa
468 975 532 1017 eene
552 953 755 1018 somnolentos
787 964 816 1016 et
837 973 894 1038 per
914 954 1044 1016 hiemem
1071 954 1259 1040 pullariorum

139 1049 174 1110 in
196 1048 307 1112 lu'etrie
321 1049 382 1110 onie
401 1049 595 1126 delitescere,
614 1048 806 1132 indulgentes
827 1068 935 1111 somno
954 1059 984 1112 et
1003 1047 1081 1110 nihil
1095 1054 1261 1112 oomeden·

136 1153 191 1204 tea.
212 1165 240 1204 v.
261 1145 381 1207 Ariston
412 1144 481 1206 hiet.
500 1146 591 1206 anim.
620 1143 704 1218 Vlll,
727 1166 777 1206 22.
801 1155 832 1207 et
866 1148 982 1208 Auctor
1000 1144 1071 1206 libri
1091 1144 1130 1206 de
1151 1146 1258 1218 mimir,

136 1239 263 1302 aureole
284 1261 315 1322 p.
334 1240 428 1328 5155.
453 1241 654 1323 Praegnantes
668 1241 760 1336 eligor
776 1261 879 1315 urnae,
900 1250 933 1300 nt
951 1238 1048 1301 verbio
1062 1239 1165 1315 Plinii,
1176 1241 1259 1308 Vlll.

135 1333 187 1396 36.
202 1355 225 1396 u.
247 1336 295 1411 54.
316 1344 402 1410 ntor,
419 1339 529 1418 primis
549 1335 653 1396 diebus
665 1338 713 1396 eis
732 1338 862 1416 septenis
881 1337 945 1396 ium
957 1338 1045 1418 praui
1060 1356 1165 1398 somno
1178 1359 1258 1422 prq-

134 1443 284 1506 nruntur,
303 1444 336 1491 ut
355 1451 393 1492 ne
412 1429 581 1493 vulneribus
600 1431 723 1514 quidem
743 1433 874 1492 excitari
892 1445 1022 1514 queunte
1057 1444 1127 1492 tune
1146 1433 1257 1492 misum

135 1528 171 1588 in
191 1522 315 1588 modum
336 1542 455 1590 veterno
473 1530 670 1613 pinguescunt
689 1536 737 1589 oet
769 1525 875 1601 (Corui.
895 1527 1016 1590 Ariston
1036 1525 1091 1588 l.l.
1111 1537 1142 1590 et
1160 1527 1257 1591 Solio.

133 1641 162 1683 e.
183 1625 266 1698 eli).
288 1623 373 1686 ldem
395 1623 509 1685 Plinius
527 1623 580 1686 lib.
600 1625 655 1686 lx.
680 1624 726 1685 13.
748 1645 772 1685 a.
806 1621 851 1684 15.
876 1621 983 1698 donet,
1002 1623 1118 1686 nulium
1137 1626 1258 1688 animd

129 1723 274 1799 graviore
294 1741 400 1782 somno
413 1724 514 1803 premi
528 1721 634 1803 plrooia
663 1721 728 1803 (oi.
743 1719 874 1803 Oppiae.
891 1717 957 1780 llel.
973 1720 999 1791 l,
1021 1721 1091 1793 408.
1104 1729 1145 1782 et.
1158 1720 1256 1803 intpp.

130 1811 226 1893 virg.
245 1811 301 1873 Ge.
322 1812 377 1876 IV.
396 1815 494 1888 432),
512 1814 606 1898 iisque
626 1815 785 1876 vitulorum
802 1831 912 1873 nomen
934 1811 1066 1874 inditum
1080 1833 1159 1887 enee,
1173 1814 1256 1897 quod

132 1908 210 1990 ipris
239 1908 370 1969 insono
393 1917 478 1982 (non
500 1919 627 1984 somno)
658 1913 787 1990 mugitor
809 1912 866 1970 rit:
899 1913 1053 1994 (detondi
1069 1918 1254 1994 ὀμοίωνφωνὴν

116 2069 123 2082 ,
131 2011 195 2082 pot,
217 2001 342 2063 Aristot.
354 2001 393 2061 ll.
405 2003 440 2064 l.
454 2003 509 2079 Vl,
525 2013 582 2076 rr.)
604 2001 685 2064 unde
699 2012 730 2095 et
743 2001 837 2064 Gallie
853 2025 952 2066 vonum
970 2003 1011 2064 de
1023 2023 1088 2064 mer
1100 2003 1256 2064 dicuntur.

174 2097 262 2175 Quae
283 2117 379 2178 quom
401 2097 442 2158 ita
462 2097 537 2174 eiut,
565 2118 651 2160 mens
671 2105 776 2181 poetae
796 2101 836 2160 ita
857 2100 887 2160 lu.
908 2099 930 2160 l.
950 2097 1097 2181 rapienda
1116 2097 1255 2162 ridetur:

133 2193 277 2275 utrepitue
305 2211 452 2266 oorruum
480 2195 714 2278 aurigarumque
744 2204 843 2256 tantus
870 2203 937 2270 est,
966 2203 1001 2258 nt
1032 2193 1079 2256 rel
1110 2194 1255 2256 animalia

133 2287 337 2350 somniculosa
358 2289 589 2372 expergefacere
608 2298 708 2371 queat.
737 2290 810 2350 Eum
841 2309 902 2350 non
925 2289 1060 2370 percepit
1086 2290 1254 2372 Graevius,

134 2384 186 2467 qni
209 2383 283 2445 haee
303 2383 474 2448 adnotavit:
504 2385 597 2464 “Qui
619 2383 718 2448 vituli·
739 2383 863 2445 marinio
884 2384 997 2446 Romae
1017 2383 1110 2465 poerit
1130 2405 1254 2448 somnne

135 2477 261 2554 excuti,
280 2477 406 2555 dieunt,
435 2479 488 2563 qui
507 2499 559 2540 eos
578 2478 765 2542 dormientes
793 2477 934 2540 uiderunt
962 2487 1017 2540 out
1048 2478 1182 2556 Romae,
1201 2489 1254 2540 aut

135 2591 262 2657 naqnnm
276 2585 436 2637 terrarum.
457 2577 575 2637 Locum
593 2572 772 2636 mendosum
792 2591 856 2635 erse
875 2593 967 2634 nemo
988 2593 1049 2636 non
1064 2574 1156 2638 uidet.
1189 2576 1254 2638 Le-

134 2671 270 2754 gendum
300 2681 401 2734 autem
432 2671 553 2732 ridetur
586 2673 688 2732 Druso
721 2671 881 2752 vetulique
909 2671 1039 2730 moritis.
1063 2690 1139 2732 ‘nam
1168 2688 1254 2734 renen

133 2776 204 2827 aunt
216 2765 416 2828 somnolenti:
437 2766 574 2848 quemvis
593 2765 650 2826 ulia
671 2765 766 2848 poenit
786 2760 864 2827 ratio
887 2762 973 2840 duri,
993 2785 1051 2826 eur
1071 2763 1164 2826 retuli
1184 2785 1254 2826 ma·-

132 2860 206 2936 riti,
226 2861 279 2944 qni
299 2859 475 2924 iuveneuluo
495 2861 669 2936 duxerunt,
701 2879 808 2923 mmno
834 2859 898 2922 ulto
916 2859 1010 2943 sopiti·
1027 2863 1192 2935 iuuentute„
1211 2859 1252 2928 fl.

133 2955 244 3018 Valerii
265 2966 337 3018 nota
355 2969 416 3019 eut:
437 2955 539 3040 “lego
562 2959 705 3040 Eripiunt
735 2965 877 3030 (omnem
902 2955 1031 3018 omnino
1050 2963 1113 3016 totu
1143 2963 1251 3028 noete)

131 3071 269 3114 somnum
290 3055 412 3130 Druso,
432 3053 551 3114 homini
570 3053 690 3115 delioeti
711 3052 831 3131 muni,
849 3051 1010 3131 venalisque
1027 3052 1161 3126 moritis,
1182 3049 1254 3111 uni·

131 3148 189 3210 bno
208 3157 260 3209 aut
272 3157 357 3210 oerte
376 3147 521 3224 senibus,
538 3169 670 3232 quorum
692 3167 816 3210 romono
828 3146 963 3208 deterior
976 3156 1008 3208 et
1027 3145 1249 3228 interruptae„

131 3242 238 3305 lueobe
258 3241 379 3305 emend.
399 3241 545 3318 vitulirve,
568 3243 639 3324 quia
662 3245 721 3305 hoe
736 3243 891 3317 Drusum,
911 3239 1133 3302 somnolentum
1149 3240 1251 3302 homi-

131 3359 222 3414 nem,
242 3337 343 3401 vitulie
363 3340 489 3400 marinis
510 3347 674 3422 exaequet,
693 3357 780 3412 non,
799 3346 833 3398 nt
851 3337 1033 3419 muniisque,
1053 3335 1086 3396 in
1107 3353 1168 3397 nno
1181 3334 1249 3398 looo

129 3433 216 3516 quani
236 3433 419 3518 eoninugnt3
441 3433 523 3516 qnod
544 3431 682 3517 ineptum
702 3434 730 3495 ei
751 3431 879 3505 videtur.

583 3615 801 3678 Excvnsvs

496 3769 546 3830 An
566 3765 639 3828 Str.
661 3763 723 3840 lv,
745 3767 875 3849 :ul-27.
907 3823 911 3832 ,

165 3904 345 3968 Markland.
365 3905 398 3967 in
419 3903 511 3986 Epist
530 3902 606 3964 Crit.
626 3923 656 3984 p.
683 3899 749 3962 152.
770 3899 855 3960 huno
873 3895 974 3959 loonm
989 3897 1032 3958 eie
1046 3894 1203 3977 distinguit
1216 3901 1247 3954 et

130 3999 290 4064 emendat:
309 3999 411 4063 Multa
430 4000 584 4074 videmur,
601 3997 686 4080 Quoue
699 3999 790 4056 mirer
802 4007 831 4054 et
845 3995 933 4077 frugi
946 4015 1008 4055 non
1016 3991 1246 4073 serit-Apicius:

128 4095 205 4157 liaeo
230 4109 263 4156 tn
294 4095 465 4174 Speoinetue
484 4097 601 4156 Pinario
620 4092 793 4175 quondam,
815 4092 974 4174 Crispine,
999 4084 1144 4170 papyro?
1173 4086 1245 4145 Hoc

125 4195 260 4273 pretium
278 4193 448 4274 squamae!
466 4190 585 4253 lldiooit
603 4189 656 4250 hau
675 4188 824 4250 rationes:
846 4187 947 4250 “Vox
966 4183 1082 4244 Pinaria
1095 4179 1245 4247 valentior

130 4285 251 4349 videtur
269 4285 309 4348 ad
329 4285 518 4350 excitandum
538 4283 681 4347 invidiam
701 4293 733 4345 et
759 4281 863 4346 odium
891 4280 1032 4343 udvereno
1051 4277 1245 4359 Crispinum,

130 4389 238 4462 utpote
257 4383 461 4466 Aegyptium,
480 4401 570 4464 quam
592 4379 640 4444 illu
660 4378 751 4442 alteru
769 4381 895 4462 patria3
917 4386 965 4452 et,
987 4373 1069 4456 quod
1091 4393 1243 4436 summum
