3046 5498
533 387 810 454 ιιοιιιιιοιιιιι
1136 345 1236 452 xliii

100 589 203 658 mels
254 583 474 655 eonsenlentia
509 585 688 677 pendent),
724 587 850 658 lacertis
894 585 1003 656 aititur
1041 583 1233 656 coniecturis.

3 755 5 780 ι
139 683 294 750 meram
327 685 497 752 notandam
523 688 620 754 'etiam
650 701 719 768 est,
743 685 869 754 Graecis
898 677 1097 774 scriptoribus
1116 698 1147 751 et
1167 689 1236 752 lto·

112 779 195 847 aaut
230 800 345 868 nequa
378 793 553 863 accuratas,
586 795 619 848 ut
647 787 755 863 nobis,
788 785 880 848 fnisse
899 783 1092 846 diversorum
1112 785 1237 866 poiseus

119 898 252 966 pennum
278 879 467 954 divisiones,
491 881 537 944 vel
552 901 590 944 ex
610 893 718 946 natura
739 903 860 966 semper
881 881 1026 964 cuiusque
1047 880 1168 964 petitas,
1184 880 1237 942 sed

120 997 221 1058 napea
245 987 354 1042 metro
375 977 480 1053 (unde
499 979 602 1042 lumbi
621 1003 652 1043 r.
670 977 837 1055 edicti),
854 979 903 1042 vel
924 975 1044 1040 aliunde
1066 978 1237 1053 desumtas,

120 1093 199 1157 napus
229 1095 361 1138 morem
391 1075 543 1137 librorum
574 1097 645 1138 eum
679 1076 776 1138 titulis
797 1077 829 1138 in
850 1073 958 1157 vulgus
989 1073 1238 1136 emittendorum.

120 1166 160 1228 sta
173 1164 308 1228 Horatii
330 1169 477 1244 earmina,
490 1191 567 1254 quae
580 1169 673 1254 vulgo
685 1171 806 1233 Satires
820 1181 850 1234 et
863 1167 1022 1252 Epistulae
1036 1167 1239 1252 appellantur,

119 1263 147 1322 al
159 1262 225 1344 ipso
248 1265 375 1347 singula
397 1265 531 1350 primum
546 1265 583 1329 ad
595 1267 708 1329 amieos
722 1277 793 1330 sunt
808 1265 896 1330 missa
910 1275 941 1328 et
954 1264 1119 1329 admodum
1134 1264 1236 1346 paneis

114 1357 246 1436 minsa,
286 1359 402 1424 deinde
433 1383 506 1424 vero
538 1384 556 1422 a
588 1364 803 1426 Grammaticis
834 1374 899 1425 tam
929 1362 961 1422 in
990 1360 1084 1423 libros
1112 1359 1239 1422 collecta

110 1463 191 1536 atque
227 1453 376 1537 digesta,
410 1469 477 1520 tum
503 1459 677 1522 Satirarum
698 1461 750 1522 rel
779 1459 967 1544 Eclognrnm
990 1457 1036 1520 rel
1059 1457 1239 1520 Sermonum

107 1560 133 1612 et
155 1553 383 1634 Epistolarum
418 1553 513 1616 titulis
541 1554 694 1638 insignita.
714 1558 832 1618 Vtrum
862 1565 892 1618 et
917 1553 1074 1638 quomodo
1095 1553 1240 1614 Horatius

108 1647 164 1730 ipse
185 1657 220 1708 et
242 1649 374 1712 Persius
404 1649 615 1735 luvenalisqne
634 1651 729 1714 libros
749 1675 818 1714 snos
838 1651 994 1734 singulare
1015 1649 1154 1712 earmina
1176 1650 1240 1710 sive

108 1740 328 1826 inscripserint
342 1747 405 1807 siae
419 1746 624 1828 digesserint,
645 1747 827 1830 ignoramus.
851 1746 943 1808 Conf.
965 1755 1029 1810 not.
1046 1765 1115 1828 pag.
1129 1743 1240 1806 xxxvii.

109 1836 181 1900 lllud
210 1861 344 1924 quoqne
375 1841 497 1904 Statirae
524 1863 637 1904 nornen
668 1842 924 1906 aGrammaticis
957 1841 1080 1903 demum
1115 1837 1241 1922 singulis

111 1932 248 2013 lloratii,
273 1936 375 1998 Persii
395 1946 425 2000 et
445 1937 598 2000 luvenalis
619 1937 805 2002 carminibus
827 1938 956 1999 inditum
978 1947 1046 2000 est:
1074 1955 1147 1996 narn
1168 1934 1241 1996 olim

113 2040 139 2092 et
156 2031 297 2112 primum
321 2032 456 2116 integros
475 2033 646 2096 Satirarum
667 2033 784 2111 libros,
804 2055 865 2095 non
889 2033 1000 2094 horum
1021 2031 1133 2093 diversi
1148 2049 1243 2110 argu·

115 2127 202 2188 menti
221 2129 409 2206 sectiones,
429 2127 613 2212 significasse
643 2129 772 2195 videtur.
800 2131 912 2192 Iisdem
934 2121 1058 2213 quoque
1078 2131 1243 2192 Gramma-

120 2224 179 2286 ticis
197 2246 399 2310 synonymae
420 2249 509 2290 voces
530 2229 615 2289 luere
635 2229 734 2290 satiro
759 2237 790 2287 et
810 2227 900 2301 libem
916 2227 1017 2289 Gellio
1038 2235 1121 2288 eerte
1141 2225 1242 2288 Satira

124 2317 257 2384 Varronis
292 2322 401 2384 eadem
430 2323 468 2396 l,
499 2325 656 2386 nmmum
687 2333 719 2385 at
738 2321 833 2403 Xlll,
857 2345 903 2386 ιι.
924 2323 1000 2385 liber
1019 2320 1244 2385 dicitur.Conf.

133 2415 224 2480 llant.
242 2417 393 2503 epistt,
419 2419 477 2499 13,
499 2423 527 2498 4.
