3046 5498
305 344 361 462 xl
737 381 794 451 nr
828 385 1011 450 sarana-

304 587 406 668 naida,
428 593 469 655 at,
479 583 662 654 differebant
682 597 862 673 argumento
880 587 1008 674 eiusque
1021 585 1172 652 tractandi
1185 578 1329 666 canulis,
1343 584 1441 673 qnod·

308 686 348 752 ad
366 687 446 753 solos
467 687 515 752 vel
536 678 735 771 philosophas
755 686 804 752 ael
824 693 926 770 poetes
946 707 1117 770 eorumque
1138 705 1279 763 errores,
1300 706 1365 747 non
1392 683 1429 747 sd

307 787 385 851 ritae
414 783 605 869 quotidianae
638 804 736 846 mores
764 783 937 868 lucrumque
978 783 1221 846 emendationem
1252 781 1427 865 spectabat3

304 901 406 965 neque
425 879 552 956 dubito,
572 879 645 962 quin
668 900 773 942 rerum
793 901 916 964 quoque
936 880 1150 942 tractationem
1166 899 1353 963 magnopere
1365 877 1431 940 dis-

305 997 445 1061 crepasse
478 973 719 1056 intelligeretur,
743 977 768 1038 si
790 976 901 1056 integri
922 985 1115 1059 superessent
1134 975 1225 1052 Silli,
1247 995 1304 1037 nec
1326 973 1431 1058 potius

302 1092 455 1157 perpauca
482 1091 590 1134 eorum
616 1071 802 1152 fragmenta,
825 1092 901 1154 quae
922 1080 1060 1132 exactem
1080 1071 1341 1152 comparationem
1365 1089 1430 1130 nnn

304 1168 478 1230 admittunt.
505 1167 575 1227 Non
607 1165 697 1226 etiarn
722 1167 975 1249 repugnabimus,
996 1167 1020 1228 si
1041 1168 1109 1251 quis
1130 1165 1339 1239 contenderit,
1363 1166 1431 1224 En·

303 1263 391 1326 nium
412 1273 443 1324 et
463 1261 627 1346 praecipue
657 1261 809 1323 Lucilium
835 1263 959 1345 eiusque
981 1263 1148 1324 imitatores
1168 1261 1290 1324 duxisse
1310 1259 1430 1323 colores

304 1357 472 1446 quasdam,
492 1365 523 1420 et
541 1357 616 1420 sales
639 1355 770 1421 hausisse
791 1379 829 1420 ex
851 1359 1042 1421 Graecorum
1078 1369 1177 1422 vetere
1192 1357 1347 1422 comoedia
1375 1367 1388 1432 (
1399 1382 1428 1422 r.

304 1453 413 1520 Horat.
445 1455 509 1517 Sat.
537 1451 573 1532 I,
602 1457 643 1531 4,
672 1478 683 1516 a
709 1475 770 1538 seq.
805 1476 860 1528 ιο,
895 1453 1427 1539 adseq.etl³ers.l,123seq.),

303 1550 431 1628 lambis,
450 1549 535 1612 Sillis
557 1559 589 1612 et
608 1548 720 1611 fabalis
734 1551 880 1634 satyricis.
894 1547 1009 1612 Verum
1024 1563 1188 1636 propterca
1201 1573 1302 1635 neque
1317 1551 1427 1614 Graeci

304 1649 420 1712 Satires
441 1646 614 1726 scripsisse,
638 1666 738 1728 neque
761 1647 893 1708 Romani
909 1645 960 1708 bas
975 1645 1035 1708 illis
1049 1657 1185 1732 acceptas
1200 1648 1337 1710 retulisse
1351 1667 1430 1708 cen-

302 1741 390 1805 sendi
411 1751 490 1802 sunt.
504 1743 662 1802 Praeterea
682 1741 864 1813 Romanam,
889 1762 950 1802 nnn
967 1743 1127 1814 Graecam,
1145 1743 1263 1802 Satires
1278 1741 1430 1822 originem

306 1835 412 1914 luisse,
446 1857 485 1898 ex
507 1835 631 1896 historia
654 1837 767 1918 etipsa
789 1858 912 1920 quoque
933 1839 1067 1899 nominis
1087 1839 1185 1898 forma
1207 1835 1366 1920 probabile
1387 1835 1431 1894 fic

303 1931 510 2016 Temporibus
541 1929 669 2014 priscis,
696 1931 806 2014 quibus
840 1953 898 1993 nec
924 1933 1026 2016 Satyri
1059 1942 1089 1992 et
1110 1931 1246 2016 Satyrion
1268 1931 1430 2004 dramata,

304 2047 363 2089 uec
393 2025 453 2088 ulla
482 2027 616 2087 Graecae
652 2031 776 2107 poeseos
811 2048 940 2109 genera,
970 2029 1028 2088 iam
1050 2029 1245 2089 innotuerant
1267 2027 1432 2100 Romanis,

303 2123 441 2186 versibus
462 2121 612 2183 Saturniis
637 2121 895 2206 b'escenninisquc
917 2123 948 2182 in
969 2145 1060 2185 scena
1082 2125 1225 2186 successit
1244 2121 1372 2195 Satura,
1397 2132 1432 2181 ut

304 2239 396 2301 supra
416 2217 573 2290 vidimus,
586 2226 617 2278 et
635 2217 711 2278 hacc
731 2215 842 2278 deinde
864 2219 1026 2300 appellatio
1049 2230 1176 2302 propter
1196 2217 1428 2281 similitudinem

304 2311 458 2396 aliquam,
488 2332 567 2394 quae
596 2309 769 2392 argumenti
801 2312 989 2394 potissimum
1025 2315 1169 2375 varietate
1190 2311 1431 2388 continebatur,

306 2416 369 2469 tarn
382 2405 420 2468 ud
433 2407 482 2468 illa
495 2405 666 2468 carminum
682 2426 900 2492 genera,-quao
914 2408 953 2468 ab
967 2409 1085 2484 Ennio,
1099 2429 1189 2491 quam
1210 2407 1249 2468 ad
1273 2427 1328 2483 ea,
1349 2427 1434 2490 quae

306 2599 368 2636 rum
381 2579 542 2652 turpitudine
557 2591 584 2633 et
599 2598 688 2632 rerum
704 2579 841 2632 obscoeni·
894 2581 1016 2654 insignite
1037 2594 1114 2654 atquc
1137 2582 1274 2635 commode
1293 2597 1372 2650 posse.
1399 2581 1436 2633 Aa

308 2675 361 2720 tate
374 2665 488 2718 vitanda.
505 2667 590 2733 Quam
608 2662 717 2735 qnidam
740 2662 844 2716 ridiculi
895 2670 996 2720 tanactsi
1009 2667 1120 2720 diametri
1141 2658 1167 2717 in
1182 2667 1325 2718 scribendis
1341 2664 1437 2717 Satiris

286 2751 419 2822 ‘speciem
433 2787 443 2812 ,
475 2750 503 2808 in
529 2751 644 2802 oratioue
674 2751 843 2801 Comicnrum
896 2749 1028 2802 interdum
1056 2749 1172 2818 proxime
1195 2750 1359 2819 reperiuntur
1384 2749 1435 2800 ab·

225 2843 231 2864 ⁶
308 2831 595 2895 velutexubsrantem,
615 2829 694 2900 louge
714 2831 845 2899 superarit
896 2834 973 2885 fuisse
1003 2853 1016 2886 a
1048 2833 1191 2886 dramatico
1219 2851 1333 2905 genere,
1364 2831 1436 2901 grand

228 2956 232 2963 -
307 2920 488 2982 Romanorum
510 2917 662 2984 poitarum,
680 2933 745 2982 quos
767 2931 844 2982 supra
896 2917 988 2986 spretis
1001 2917 1057 2970 viae
1069 2916 1438 2988 angustiis,‹pribusaloccndi

307 3002 495 3065 nominabam,
514 2998 626 3052 liberalis
641 3000 779 3063 lestiritas,
792 3018 845 3052 non
896 3001 962 3054 ratio
980 2999 1137 3064 includitur,
1160 3000 1280 3054 liberiore
1294 3019 1369 3054 curm
1379 3001 1437 3053 ser·

307 3084 353 3140 illa
367 3085 473 3156 quidem
491 3085 518 3136 iu
537 3080 755 3151 celeritatemque
777 3081 845 3136 dicto
896 3097 939 3140 tur
951 3105 1094 3158 rerumque
1118 3087 1265 3140 tractationi
1280 3087 1437 3142 uarietatem

308 3171 403 3243 posita,
417 3171 461 3224 scd
476 3169 504 3222 in
518 3168 687 3240 perpetuitate
700 3167 844 3222 sermonis:
896 3169 992 3242 dialogi
1004 3172 1120 3241 impertit
1133 3191 1161 3224 nc
1172 3172 1333 3226 subitaneam
1344 3191 1438 3240 quana·

308 3275 468 3328 qumquam
484 3255 589 3326 propius
608 3255 641 3308 ad
661 3253 735 3306 illam
758 3273 842 3308 ncces·
895 3254 956 3308 dam
975 3255 1045 3308 virns
1062 3266 1149 3310 lernen
1165 3275 1245 3310 omne
1261 3255 1310 3310 boc
1327 3255 1449 3324 drama·-

307 3343 370 3396 sisss
391 3343 552 3412 superiorem
576 3339 723 3393 Lucilianae
747 3341 846 3393 Satires
895 3339 958 3394 tices
989 3339 1183 3411 compositionis
1209 3340 1348 3394 artificium
1375 3342 1432 3392 sre-

309 3423 448 3488 videntur,
469 3440 578 3491 quarum
592 3420 717 3491 plerisque
735 3438 781 3491 par
797 3420 847 3474 suit
898 3435 1052 3496 quentatunr
1066 3425 1174 3478 demum
1188 3425 1272 3479 catab
1291 3425 1322 3478 iis
1335 3425 1437 3494 politis,

308 3505 412 3559 ridendi
433 3505 570 3567 materies,
587 3503 673 3559 simile
689 3503 826 3558 consilium
834 3541 844 3568 ,
898 3506 943 3573 qui
953 3504 1084 3574 poliuadis
1097 3505 1187 3560 Satiris
1199 3504 1291 3558 limam
1302 3505 1437 3560 adhibuis-

309 3590 401 3642 eadsm
414 3588 592 3660 impudentia,
610 3587 714 3658 gemina
731 3587 845 3641 audacia.
897 3598 955 3641 sent
980 3607 1071 3649 suam,
1090 3599 1116 3643 ct
1137 3588 1163 3642 in
1183 3588 1272 3642 medio
1296 3599 1334 3642 est
1351 3589 1438 3658 posita

308 3671 451 3726 -Deinds
472 3671 518 3726 ubi
542 3671 574 3724 de
599 3671 726 3724 metandi
749 3673 845 3724 ratione
896 3673 1051 3726 Comoedias
1061 3676 1192 3726 Romanae
1204 3672 1310 3745 species,
1324 3673 1437 3728 arctiore

310 3759 461 3828 quaeritur,
482 3754 634 3810 deducenda
646 3754 786 3810 ainedubio
798 3757 847 3810 erit
895 3755 1049 3810 dramaticus
1086 3757 1195 3810 actionis
1234 3755 1338 3810 vinculo
1377 3755 1437 3811 istis

309 3843 448 3913 disputatio
464 3841 497 3894 ad
511 3851 593 3896 certus
609 3839 734 3910 quasdam
748 3839 842 3911 satyri·
896 3842 1056 3892 Graecorum
1071 3837 1168 3892 sabulis
1185 3839 1313 3906 adstricta.
1327 3839 1435 3892 Atella·

309 3945 353 3980 cas
369 3931 475 3998 pnliseos
495 3927 608 3991 formas,
632 3926 726 3995 quibus
742 3937 846 3976 externo
896 3943 945 3976 nae
971 3923 1013 3977 cui
1043 3943 1096 3976 non
1122 3935 1275 3978 succurrunt
1306 3924 1434 3989 fabellae,

308 4011 387 4064 etiarn
405 4011 495 4066 habitu
504 4050 513 4075 ,
532 4029 578 4062 scu
601 4009 772 4079 componendi
788 4007 844 4079 legs
897 4027 960 4079 quas
971 4009 1095 4062 finitimas
1106 4011 1437 4078 asseGraccnrurnSatyris

309 4106 336 4148 et
361 4097 489 4160 artificio,
515 4095 640 4167 impressa
668 4093 848 4148 similitudinis
897 4105 997 4146 ueteres
1015 4093 1203 4147 lamuniverse
1220 4093 1435 4163 pronuntiarunt,

309 4179 419 4251 uestigia
438 4179 615 4240 inveniantur.
635 4183 691 4232 lam
706 4177 846 4232 remillud
897 4197 1009 4248 quornm
1024 4179 1125 4232 iudiciis
1138 4197 1196 4232 earn
1214 4179 1301 4234 licebit
1314 4179 1437 4234 modera-

309 4265 474 4334 psrspicuum
488 4275 541 4330 est,
562 4262 671 4335 satyrica
684 4265 849 4316 Graecorum
895 4264 995 4318 tionem
1009 4265 1147 4332 adhibere,
1164 4276 1193 4320 ut
1210 4268 1338 4320 cornicem
1351 4265 1437 4320 meai·

308 4349 428 4402 dramata
448 4365 503 4402 non
516 4346 661 4420 comparari
678 4365 738 4400 cum
751 4345 845 4400 Lucilii
896 4365 940 4402 ms
952 4349 1087 4420 Satyriccu
1101 4349 1133 4405 ed
1150 4347 1373 4426 comparationem
1385 4367 1452 4408 uon

307 4431 474 4508 aliorumque
499 4433 636 4508 ,diducaris
666 4431 757 4490 cartas
784 4431 845 4492 satis
895 4431 1028 4494 “musis
