3120 5494
310 385 405 506 334
675 421 731 480 ur
766 421 897 484 ceusu
937 426 1057 505 vrrs,

266 619 271 634 '
304 627 479 688 instructus.
501 627 662 707 Aequum
696 620 830 703 Virgilio
850 621 930 684 lecto
961 643 1018 686 nec
1045 625 1206 686 Lucanum
1238 647 1298 690 nec
1318 628 1430 691 Silium

304 743 363 785 noc
377 722 505 783 Statium
521 719 725 790 fastidiamus,
746 738 802 778 cur
817 717 955 779 Persium
970 719 1158 802 negligamus
1171 721 1326 783 Venusina
1340 726 1430 786 lllusa

304 815 465 889 delectati,
486 815 555 895 qui,
579 833 647 874 meo
666 810 790 894 quidem
809 833 915 886 sensu,
937 812 1082 874 lectorem
1097 815 1136 874 ab
1157 817 1275 877 Horatii
1295 816 1429 882 lectione

304 919 458 974 recentem
480 910 574 990 magis
593 906 773 980 delectabit,
799 927 892 989 quam
912 907 1026 968 Statius
1047 908 1168 991 placere
1199 911 1312 992 possit,
1333 933 1431 994 quum

304 1005 437 1086 Virgilio
456 1003 594 1085 deposito
614 1001 715 1063 statim
735 1001 772 1061 ad
792 1023 861 1077 euru
882 1001 1053 1064 adsessoris.
1075 1003 1221 1066 Ceterum
1241 1007 1431 1089 antiquitatis

304 1103 449 1166 studiosis
468 1101 560 1161 Persii
578 1098 746 1160 lectionem
766 1098 952 1165 fructuosam
970 1121 1049 1176 esse,
1069 1102 1209 1184 equidem
1231 1103 1282 1165 rix
1296 1125 1430 1166 mouen-

304 1199 377 1262 dcru
399 1217 463 1258 esse
483 1196 633 1257 existimo.

344 1295 460 1374 Magno
490 1292 596 1374 plausu
627 1291 717 1351 etiarn
747 1289 850 1350 satiras
883 1288 977 1351 editas
998 1291 1159 1354 confestim
1179 1303 1430 1374 excepimus,

305 1387 470 1452 memoriae
489 1383 626 1468 prodidit
655 1384 730 1444 ritae
755 1380 850 1444 Persii
871 1393 1082 1467 auctor,(19)
1115 1385 1259 1465 idemque
1278 1387 1428 1448 Martialis

304 1493 433 1546 testatur
449 1491 480 1542 et
498 1479 723 1558 Quintilianus,
759 1478 958 1560 Patribusqae
984 1479 1130 1541 ecclesiae
1154 1479 1314 1563 probatum
1336 1480 1426 1544 illam

303 1582 395 1648 luisse
405 1578 540 1641 iudicant
549 1576 626 1652 loca,
637 1597 714 1658 quae
727 1575 835 1657 passim
846 1595 885 1636 ex
894 1574 999 1636 Persio
1010 1575 1213 1658 protulerunt.
1227 1583 1292 1650 (πο)
1301 1578 1423 1640 Etenim

303 1677 352 1740 ael
375 1697 409 1740 ea
429 1675 509 1757 ipsa,
532 1693 609 1756 qaae
627 1691 712 1732 nnnc
731 1669 932 1752 scriptoribus
952 1669 1027 1732 sitio
1048 1681 1168 1734 vertere
1188 1671 1257 1732 iure
1275 1671 1420 1748 solemus,

303 1771 407 1834 multis
425 1780 492 1832 tuna
514 1765 740 1851 quodammodo
760 1765 1008 1848 probauerant,
1031 1767 1249 1828 sententiarum
1270 1767 1422 1850 argutiae,

302 1863 425 1940 dicendi
441 1854 536 1946 genus
550 1860 724 1935 concisum,
745 1858 954 1921 translationes
968 1859 1096 1922 audaces
1109 1871 1142 1921 et
1154 1860 1322 1923 obscuritas
1335 1881 1424 1942 quae·

302 1961 372 2024 dam
393 1958 522 2022 orationi
541 1957 672 2018 inducta.
687 1964 754 2030 (aa)
775 1957 894 2017 Veram
915 1952 983 2016 lieri
997 1975 1059 2016 non
1080 1956 1196 2038 potuit,
1215 1957 1309 2039 quin,
1330 1979 1425 2039 quam

239 2112 243 2120 .
301 2066 333 2117 et
347 2077 417 2131 res,
434 2075 562 2138 quarum
585 2052 698 2113 tuentio
718 2051 753 2112 lit
773 2051 805 2110 in
826 2051 942 2124 satiris,
976 2050 1146 2131 coepissent
1165 2071 1203 2112 ex
1223 2063 1308 2133 parte
1333 2054 1426 2135 iguo-

301 2150 387 2224 auri,
406 2158 438 2209 et
456 2145 577 2210 dicendi
598 2161 691 2227 genus
711 2165 727 2204 a
748 2143 865 2226 vulgari
885 2147 1003 2207 ratione
1023 2145 1056 2204 in
1076 2144 1139 2206 dies
1155 2146 1247 2227 magis
1267 2147 1425 2230 magisque

300 2243 494 2326 discrepare,
513 2241 594 2300 inter
613 2239 758 2300 obscuros
778 2237 941 2320 scriptores
962 2239 1080 2301 Persius
1101 2240 1291 2318 referretur,
1317 2259 1425 2321 gram-

300 2339 463 2420 maticique
482 2337 520 2398 ad
540 2355 611 2396 eum
631 2334 845 2416 explicandum
876 2355 909 2398 se
936 2333 1143 2415 adcingereut.
1177 2335 1337 2412 Fuerunt,
1368 2336 1424 2418 qai

299 2441 462 2517 putarent,
498 2433 593 2493 Persii
622 2431 728 2503 satiras
747 2451 764 2490 a
783 2430 921 2490 Cornuto
940 2429 1063 2492 scholiis
1084 2429 1244 2491 instructas
1264 2431 1296 2492 in
1319 2431 1421 2492 luceru

300 2529 470 2612 prodiisse,
490 2537 582 2611 atque
601 2546 639 2586 ex
660 2524 696 2586 iis
715 2523 838 2586 scholiis
859 2525 1001 2606 decerpta
1021 2523 1170 2606 quaedam
1194 2525 1366 2607 fragmenta
1387 2525 1424 2586 iis

300 2623 403 2687 adhuc
435 2623 531 2684 inesse
551 2619 693 2697 scholiis,
721 2640 798 2702 qaae
817 2641 902 2682 nuuc
921 2620 1194 2681 circumferuntur.
1230 2625 1256 2683 h
1286 2643 1421 2704 quorum

300 2720 445 2800 opinione
464 2715 606 2801 equidem
627 2724 687 2776 taus
707 2715 801 2797 longe
822 2715 950 2788 obsum,
969 2722 1004 2775 ut
1024 2725 1149 2797 putem,
1180 2715 1313 2776 Persium
1333 2716 1424 2776 anti-

302 2814 406 2895 quitas
425 2811 517 2874 nullis
537 2809 658 2872 scholiis
691 2811 780 2871 fuisse
801 2809 1006 2884 instructum,
1041 2831 1137 2892 quum
1169 2809 1205 2870 iis
1237 2809 1316 2870 nihil
1346 2831 1424 2891 opus

302 2917 379 2969 esset
392 2905 566 2990 aequalibus
591 2906 675 2979 eius,
695 2905 804 2986 quibus
823 2915 854 2966 et
874 2904 1016 2986 cognitae
1039 2925 1090 2966 res
1113 2915 1146 2966 et
1163 2906 1313 2966 maraonis
1340 2906 1424 2966 ratio

302 3003 405 3064 notior
421 3013 496 3064 erat.
515 3001 600 3077 Quin
621 2999 778 3082 probabile
797 3010 865 3074 est,
886 3021 926 3060 ne
947 2998 1172 3082 Hieronymum
1186 3001 1311 3082 quidem
1331 3001 1423 3063 codi-

300 3117 370 3160 cem
390 3117 482 3158 manu
501 3103 656 3158 exaratum
680 3095 771 3155 Persii
795 3093 919 3158 scholiis
938 3094 1066 3156 ditatum
1086 3104 1219 3158 nutante
1238 3095 1344 3159 oculus
1367 3098 1424 3157 ha·

299 3191 401 3252 baisse
430 3200 482 3251 aut
512 3189 709 3270 cognovisse,
743 3190 876 3272 alioquin
903 3201 965 3251 tam
985 3188 1129 3250 acerbum
1160 3189 1200 3250 de
1231 3191 1423 3252 obscuritate

300 3283 551 3346 illiusiudiciuua
572 3305 635 3344 non
654 3284 780 3350 tulisset.
800 3287 909 3367 Neque
930 3284 962 3346 iu
975 3283 1121 3356 scholiis,
1155 3296 1187 3346 ut
1209 3305 1292 3346 nunc
1327 3297 1421 3361 sant,

301 3379 399 3440 ullum
419 3379 606 3462 antiquitatis
626 3382 785 3460 vestigium
807 3380 953 3463 adparets
985 3379 1132 3462 pleraque
1162 3392 1233 3442 sunt
1253 3381 1421 3466 eiusmodi,

261 3491 263 3494 ·
300 3483 335 3534 ut
356 3473 561 3558 unusquisque
582 3495 645 3535 nou
675 3474 765 3557 plane
784 3477 919 3558 ineptus,
948 3475 1027 3538 lecto
1058 3475 1161 3558 aliquo
1190 3475 1281 3553 loco,
1311 3477 1420 3538 eedem

301 3570 438 3634 adtinere
459 3579 580 3652 posset,
600 3571 671 3653 quia
692 3569 769 3632 nibil
796 3571 832 3632 iis
852 3572 950 3647 inest,
984 3571 1068 3654 quod
1094 3593 1158 3634 non
1184 3573 1258 3654 ipsis
1287 3575 1421 3636 auctoris
1530 3643 1532 3649 ¹

309 3811 312 3830 a
333 3788 394 3854 (ts)
411 3783 516 3836 Editum
532 3785 621 3834 librum
641 3787 756 3836 conduco
779 3788 829 3836 nsi·
883 3788 993 3853 pervasit
1005 3783 1105 3854 quidem
1117 3787 1171 3836 ium
1187 3785 1275 3837 milltes
1288 3790 1338 3838 istu
1357 3805 1417 3855 per·

296 3871 349 3920 ruri
362 3867 471 3919 tamtam
484 3879 507 3918 et
520 3867 628 3933 diripere
646 3878 785 3934 cooperunt.
801 3868 832 3919 Et
881 3873 980 3930 suasio,
1003 3883 1029 3920 ut
1045 3871 1075 3920 id
1098 3874 1151 3921 iam
1170 3869 1267 3920 drumm
1294 3872 1421 3940 elegerun

297 3947 383 4018 paullo
397 3967 488 4017 supra:
508 3947 559 4002 Sed
571 3949 682 4001 Lucumu
706 3951 768 4001 adeo
784 3955 832 4001 mi·
883 3963 954 4021 atpaoe
980 3956 1098 4020 exquisite
1116 3953 1210 4003 dicrum
1231 3964 1333 4022 praesa,
1351 3957 1423 4022 quod·

296 4033 395 4083 raduw
410 4035 505 4100 scripte
520 4030 629 4097 Flacci,
652 4044 677 4084 ut
704 4037 751 4084 via:
769 4036 827 4085 reti·
882 4035 1092 4116 hrtqrpretmsdum
1102 4041 1142 4087 sit.
1158 4037 1191 4088 Et
1204 4037 1258 4102 lX,
1271 4043 1301 4089 3:
1315 4037 1416 4090 Verbo·

295 4125 364 4166 aeret
379 4131 404 4166 sc
413 4151 424 4178 ,
441 4114 486 4164 illo
503 4115 638 4178 recitarrte,
651 4135 669 4166 a
681 4117 796 4168 clamore.
881 4135 936 4167 nura
945 4116 1054 4186 figurae
1069 4129 1093 4168 et
1105 4130 1214 4170 mmetue
1226 4129 1281 4170 swat
1305 4138 1418 4189 semper,

330 4249 392 4315 (to)
408 4247 441 4300 E.
463 4267 488 4318 g.
507 4251 622 4303 Lactant.
646 4249 695 4312 lll,
717 4255 757 4302 td.
780 4256 828 4316 453
878 4211 1043 4335 {illumque
1061 4201 1139 4252 votius
1154 4201 1300 4254 cousuetudo
1319 4217 1418 4255 nuum.

295 4331 330 4384 vt
336 4369 347 4396 ,
358 4335 382 4382 2.
395 4339 436 4383 tt.
455 4333 591 4403 Augustis.
604 4333 636 4386 de
649 4334 704 4387 Civ.
715 4336 746 4386 D.
757 4335 788 4395 ll,
803 4341 828 4387 7.
879 4303 931 4418 515⁰
942 4283 1071 4438 1:225&ss
1068 4298 1417 4440 Μῖᾜηῗᾙᾝῖ

244 4522 246 4527 1
328 4445 388 4513 (tl)
408 4444 517 4513 Quintil.
539 4447 619 4501 instit.
638 4449 713 4502 Vlll.
739 4455 765 4502 2:
790 4449 826 4502 Αι
879 4449 940 4518 qrrid
954 4450 1092 4519 loquimur,
1104 4451 1245 4522 figrarst.
