3078 5494
127 450 130 464 .
308 379 401 473 286
750 406 969 468 rxcvusvs

690 707 1042 774 EXCVRSVS

722 856 771 920 An
790 857 866 919 Str.
876 857 1024 934 lll‚231.

348 989 417 1051 Vox
438 988 568 1052 taoerm
599 987 764 1052 admodum
797 991 885 1052 torsit
910 993 1101 1074 interpretes.
1133 987 1326 1054 Britannicae
1356 1013 1426 1053 eum

307 1085 426 1169 aceepit
452 1083 491 1146 de
511 1085 698 1162 vermiculo,
728 1086 760 1146 h.
781 1105 807 1147 e.
829 1107 863 1149 re
891 1085 940 1150 vel
960 1085 1128 1158 levistimst
1160 1085 1256 1146 Firm.
1276 1085 1372 1149 Didot
1391 1089 1426 1148 in

307 1181 379 1246 edit
402 1179 482 1244 Aah.
502 1179 541 1243 de
564 1179 672 1242 humili
705 1189 735 1241 et
756 1201 847 1262 perra
868 1203 951 1257 esse,
981 1180 1072 1264 quale
1090 1189 1135 1242 est
1163 1178 1292 1244 lwernse
1310 1182 1428 1243 letibu-

306 1279 390 1354 lum,
408 1276 489 1339 Gull.
509 1297 550 1337 utt
570 1289 640 1340 trou
658 1275 698 1338 de
717 1278 825 1338 le'sard
836 1297 845 1348 t
867 1273 973 1340 Schol.
985 1285 1086 1349 retus,
1107 1275 1293 1350 Fan-nalitus,
1316 1280 1430 1340 Gren-

305 1393 396 1456 gseus
415 1381 446 1434 et
465 1369 518 1432 ulii
537 1369 576 1432 de
596 1369 692 1452 agello
707 1381 759 1432 unt
779 1369 904 1432 hortulo
924 1391 1016 1454 qnam
1036 1371 1182 1442 minimo,
1201 1369 1253 1431 ubi
1267 1373 1317 1434 rix
1330 1374 1428 1435 unies

304 1467 417 1531 ineerta
436 1465 549 1528 latitnri
561 1467 656 1549 putuit
674 1487 710 1528 ne
722 1465 913 1542 discurrere,
933 1475 967 1528 nt
984 1463 1089 1528 solest-
1119 1464 1235 1526 ilerum
1253 1468 1427 1530 tententiae

304 1564 385 1625 taret
403 1560 536 1624 Martini.
564 1562 623 1638 itt,
646 1579 692 1642 ιθ,
717 1583 762 1624 ιο.
797 1584 841 1624 ιι.
861 1585 932 1640 rus,
959 1563 1000 1622 Iu
1020 1583 1079 1644 quo
1100 1581 1154 1621 nec
1173 1563 1299 1621 cumeris
1317 1564 1426 1624 iacere

304 1669 423 1732 restite,
451 1659 516 1718 Nee
534 1675 656 1743 serpent
676 1659 813 1721 habitare
842 1671 905 1720 teta
921 1660 1026 1740 possit.
1046 1653 1192 1718 Nonnulli
1211 1655 1340 1716 lacertae
1358 1677 1421 1738 pro

303 1751 410 1814 lacerti
429 1751 548 1816 dietum
565 1753 614 1816 vel
646 1753 706 1816 hoe
726 1752 939 1836 reponendam
969 1759 1111 1824 censeat,
1146 1759 1181 1811 ut
1200 1757 1316 1810 tuntum
1335 1750 1422 1811 desi-

305 1857 418 1931 gnetur
430 1847 516 1930 egri,
536 1858 683 1931 quantum
698 1857 742 1911 est
761 1848 890 1930 spatium
905 1846 1020 1908 bruchii
1035 1845 1116 1906 inter
1130 1843 1269 1926 saepulue
1284 1853 1316 1904 et
1326 1844 1425 1906 cubiti

304 1943 521 2016 otsn38nl1rdt
548 1943 589 2005 ita
609 1957 787 2028 παραφράζιιι
817 1941 978 2004 (Ιοιιιίιιιιιιι
998 1941 1090 2017 tenti,
1120 1949 1268 2022 quantum
1295 1939 1427 2004 leeertut

303 2037 352 2100 rel
365 2037 526 2100 bruehiatn
545 2059 654 2100 sunum
667 2039 852 2120 firmumque
873 2035 974 2118 eslere
995 2037 1101 2100 velent.
1125 2035 1265 2098 Heinsius
1283 2037 1322 2098 ed
1333 2037 1428 2100 oste

304 2133 382 2195 Fust.
402 2133 441 2207 11,
462 2135 532 2212 578.
552 2133 677 2194 omnino
695 2135 804 2196 lacerti
822 2133 985 2214 legendum
1005 2121 1150 2214 putabat,
1171 2129 1242 2193 eall.
1263 2131 1320 2193 ini.
1334 2131 1427 2210 xiv,

304 2229 375 2308 293.
394 2227 509 2290 Arneh.
533 2227 587 2290 lib.
606 2227 652 2290 lll
689 2229 765 2306 (ubi
787 2229 949 2312 Neptunus
969 2247 1146 2288 maenarum
1166 2241 1196 2286 et
1215 2229 1347 2307 piscium
1367 2228 1427 2290 do·

304 2330 406 2387 suiuus
423 2333 572 2400 veantur),
591 2335 622 2386 et
642 2325 774 2387 Murtisl.
794 2325 864 2402 Xll,
885 2325 935 2402 59,
954 2325 983 2386 8.
1004 2344 1098 2406 quem
1117 2341 1237 2384 versum
1251 2322 1296 2383 sie
1316 2343 1426 2384 ernen-

304 2421 416 2482 dubet:
437 2441 565 2483 maenae
577 2421 719 2483 daminus
735 2422 949 2505 pediatlnsae,
968 2420 1036 2481 lue.
1057 2417 1194 2500 pisninuli
1214 2419 1342 2495 murini,
1361 2439 1427 2480 non

306 2515 410 2599 magni
430 2515 542 2598 pretii,
563 2518 775 2594 (utlaeertus,
793 2517 831 2580 de
851 2537 913 2600 quo
933 2539 961 2580 v.
974 2517 1093 2576 Comm.
1115 2511 1170 2574 int
1190 2513 1228 2574 ud
1240 2510 1324 2592 xlv,
1343 2516 1424 2591 131.)

305 2622 337 2676 et
354 2610 415 2674 ute
435 2611 552 2672 condiri
570 2612 652 2674 soliti
665 2612 698 2672 in
718 2612 795 2676 rutis
813 2635 837 2673 s.
857 2611 938 2673 oreis
968 2619 1025 2684 (ut
1047 2611 1173 2685 laemi,
1193 2631 1309 2693 npnne,
1330 2631 1428 2676 seem.

304 2703 375 2778 lui,
397 2701 504 2778 silari,
525 2702 704 2786 pelemides,
736 2725 860 2788 gerres,
879 2703 1062 2782 eordillue),
1088 2720 1151 2786 quo
1170 2704 1372 2766 resuebuntur
1392 2717 1427 2768 at

306 2797 474 2883 plurimum
496 2796 705 2862 mendicabula
718 2797 876 2862 huminum
896 2793 1078 2882 pediduloss.
1099 2797 1218 2860 Heinsii
1231 2799 1426 2862 emendatio·

306 2911 378 2954 nem
398 2889 541 2974 probavit
564 2890 763 2954 Schraderus.
797 2893 857 2955 Atti
876 2911 950 2955 vero
971 2893 1183 2975 suspieentur,
1215 2911 1274 2974 pre
1293 2892 1427 2954 lauet-tae

305 2983 354 3046 vel
370 2983 501 3045 latebra
511 2983 563 3047 vel
580 2985 721 3047 lacernae
740 2984 981 3048 substituendum
994 3005 1068 3047 esse.
1087 2985 1245 3048 Posterius
1264 2985 1324 3046 hoa
1336 3005 1427 3048 seusu

306 3077 443 3162 cupiebat
455 3075 494 3138 Η.
515 3077 663 3140 Valesius-t
683 3079 868 3142 lueernetum
887 3099 1007 3162 semper
1027 3099 1090 3143 esse
1109 3099 1197 3160 posse
1222 3078 1335 3155 libere,
1357 3099 1423 3140 neu

305 3189 425 3254 temper
442 3180 580 3254 togatam
600 3191 635 3233 ne
654 3180 743 3255 toga,
762 3171 853 3255 longe
873 3183 974 3244 reste,
997 3171 1199 3255 impeditum,
1217 3181 1251 3233 ut
1269 3173 1396 3233 Romae·

310 3293 313 3300 ι
347 3263 432 3328 Nihil
452 3265 562 3328 horum
581 3265 655 3328 mihi
669 3269 828 3354 satisfecit,
847 3279 879 3331 et
899 3267 1081 3331 crediderim
1104 3269 1223 3348 potius,
1242 3265 1422 3328 iuvenalem

306 3360 457 3442 scripsisse
474 3363 636 3436 tabernae,
660 3364 690 3423 Ιι.
712 3385 740 3425 e·
764 3383 847 3426 meae
878 3371 962 3447 (quo
981 3385 1069 3426 sensu
1092 3365 1232 3424 tabernae
1249 3385 1424 3446 pauperum

306 3465 340 3518 et
357 3457 498 3518 obscuras
517 3456 594 3519 dixit
612 3459 710 3520 Horat
730 3457 832 3532 Odi,
867 3462 897 3534 4,
922 3481 970 3544 207
982 3469 1013 3522 et
1032 3465 1097 3522 ert.
1119 3463 1198 3540 psit.
1218 3479 1248 3519 v.
1266 3470 1372 3542 naq),
1393 3471 1425 3522 et

304 3569 491 3634 quocumque
524 3571 586 3612 non
617 3573 674 3634 pro
704 3558 827 3636 quovis,
864 3552 918 3616 sed
946 3575 1003 3636 pro
1030 3554 1242 3636 qualicumque
1275 3556 1422 3636 posuisse

305 3644 464 3728 Quidquid
484 3665 556 3709 reru
574 3645 674 3731 leges,
693 3651 841 3712 sententis
863 3649 894 3709 h.
916 3649 937 3710 l.
956 3660 1020 3712 est:
1041 3655 1170 3731 praestat
1188 3645 1247 3708 ulio
1267 3670 1427 3731 quocum-

304 3759 365 3823 que
386 3739 454 3802 loeo
473 3741 604 3823 agellum
634 3752 664 3805 et
685 3743 858 3820 hortulum,
892 3743 940 3807 rel
964 3765 1012 3806 res
1031 3753 1135 3806 tenues
1166 3761 1203 3802 ue
1223 3743 1337 3807 nulline
1360 3747 1426 3807 lere

304 3833 414 3918 pretii,
436 3856 527 3920 quum
548 3838 664 3900 llomae
684 3838 798 3900 multus·
812 3839 899 3901 sedes
920 3839 1117 3923 ingentesque
1136 3855 1209 3921 opes
1229 3841 1397 3923 possidere.

692 4023 717 4082 E
739 4017 815 4083 XC
838 4021 863 4084 V
884 4023 954 4085 RS
975 4025 1047 4086 VS

719 4176 768 4234 Λιι
780 4173 854 4236 Str.
865 4172 921 4248 ΙΙΙ,
940 4175 1008 4238 238.

344 4305 444 4366 Druse
465 4315 510 4367 est
533 4304 624 4368 lectio
655 4307 793 4370 omnium
824 4311 888 4372 sere
908 4309 1069 4371 librorum.
1103 4311 1189 4388 Qnue
1219 4311 1332 4400 eivers
1355 4321 1421 4387 est,

303 4399 451 4463 luvenalis
472 4401 636 4484 respexisse
658 4401 776 4485 videtur
806 4404 843 4466 sd
864 4405 1097 4472 somnolentiam
1118 4407 1168 4472 Ti.
1194 4405 1312 4474 claudit
1327 4407 1423 4474 Drusi
