3078 5494
321 393 416 490 242

766 407 990 466 'tvvssNttts

242 661 246 668 .
318 601 486 676 Bullatus
506 585 699 705 parvoque
719 601 850 676 eadem
869 619 991 679 movet
1009 631 1108 677 arma
1127 603 1270 682 fritillo.
1426 645 1441 694 5

318 721 396 792 Nec
415 715 545 792 melius
566 715 614 790 de
633 743 671 792 se
691 721 867 821 cuiquam
886 745 1036 822 sperare
1058 723 1278 826 propinquo

319 833 508 910 Concedet
526 835 690 926 iuvenis,
709 838 774 938 qui
793 833 926 910 radere
948 835 1081 910 tubera
1101 853 1246 928 terrae,

317 949 490 1026 Boletum
508 948 664 1024 condire
683 967 721 1024 et
740 946 872 1025 eodem
890 954 972 1025 iure
991 969 1162 1026 natantes

319 1065 491 1164 Mergere
509 1061 687 1138 ficedulas
705 1061 858 1154 didicit,
877 1063 1068 1138 nebulone
1087 1081 1245 1168 parente

319 1181 368 1252 Et
387 1205 480 1254 cana
498 1193 729 1254 monstrante
749 1165 855 1281 gulas
873 1183 996 1274 Quum
1017 1183 1194 1284 septimus
1214 1207 1337 1255 annus
1410 1217 1443 1264 ιο

320 1297 529 1370 Transierit
549 1320 691 1397 puero,
711 1293 880 1368 noudum
900 1297 1001 1370 omni
1021 1294 1134 1370 dente
1155 1313 1309 1384 renato,

318 1411 499 1486 Bar-batos
516 1410 605 1484 licet
626 1409 820 1490 admoveas
841 1410 943 1485 mille
962 1410 1052 1485 inde
1070 1414 1282 1512 magistros,

320 1531 418 1603 Hinc
444 1526 621 1619 totidem,
648 1531 776 1632 cupiet
800 1527 905 1604 lauto
932 1555 1091 1604 coenare
1117 1548 1252 1631 paratu

321 1648 477 1747 Semper
504 1660 542 1718 et
567 1673 588 1717 a
614 1671 747 1748 magna
773 1671 853 1720 non
878 1643 1109 1747 degenerare
1135 1643 1271 1718 colina.

373 1763 502 1834 Mitem
513 1759 677 1836 animum
691 1777 729 1838 et
741 1788 863 1836 mores
875 1759 1029 1836 modieis
1040 1759 1233 1835 erroribus
1243 1786 1380 1860 aequos
1400 1795 1435 1845 45

321 1877 532 1978 Praecipit,
551 1893 664 1976 atque
684 1878 823 1951 animas
840 1903 1033 1952 servorum
1052 1893 1089 1948 et
1107 1899 1269 1978 corpora
1290 1893 1414 1948 nostra

323 1997 480 2086 Materia
498 2009 668 2067 constare
687 2011 794 2098 putat
814 1994 1042 2098 paribusque
1063 1989 1274 2083 elementis,

323 2114 383 2184 An
401 2111 541 2187 saevire
558 2109 669 2186 docet
688 2109 859 2201 Rutilus,
878 2115 944 2213 qui
965 2109 1104 2212 gaudet
1122 2109 1260 2184 acerbo

323 2224 523 2328 Plagnrum
541 2228 702 2329 stpepitu
720 2243 758 2300 et
777 2225 920 2300 nullam
938 2227 1069 2300 Sirena
1082 2225 1246 2326 flagellis

326 2347 543 2446 Comparat,
560 2342 781 2446 Antiphates
794 2341 940 2445 'trepidi
962 2341 1051 2432 laris
1068 2367 1111 2415 oc
1128 2341 1398 2446 Polyphemus
1409 2373 1442 2420 20

246 2444 254 2460 ’
327 2460 423 2531 Tum
446 2457 555 2548 felix,
575 2459 720 2558 quoties
741 2456 874 2558 aliquis
896 2473 1039 2534 tortore
1058 2474 1189 2532 vocato

326 2576 460 2648 Vritur
480 2573 625 2648 ardenti
645 2573 721 2650 duo
741 2591 899 2678 propter
916 2571 1032 2647 lintea
1048 2573 1178 2648 ferro?

328 2689 428 2781 Quid
446 2689 576 2764 suadet
594 2695 720 2766 iuveni
738 2691 857 2767 laetus
876 2689 1037 2768 stridore
1054 2707 1231 2778 catenae,

364 2937 387 2982 6.
401 2931 486 2982 meliro
497 2932 609 3000 cuiquam
622 2930 654 2980 de
667 2948 691 2981 re
706 2939 743 2982 44.
761 2937 800 2984 46.
817 2937 857 2983 47.

329 3021 371 3064 -45,
391 3015 423 3066 de
440 3033 466 3066 re
484 3018 597 3083 cuiquam
616 3015 704 3065 melius
726 3017 766 3065 20.
786 3013 817 3066 de
831 3033 859 3066 ae

329 3097 414 3146 melios
435 3099 546 3164 adeptam
560 3101 601 3148 25.
615 3099 658 3148 27.
673 3101 779 3149 46-50.
795 3103 860 3150 54-

332 3187 373 3232 ott.
388 3186 497 3232 7l-74.

365 3269 388 3314 7.
416 3259 535 3314 Concedit
565 3269 604 3316 to.
632 3270 671 3316 ld.
693 3268 731 3316 45.
757 3269 795 3316 46.
823 3274 862 3320 47.

333 3337 864 3399 44-24,27.48.54.59-65.ὲιΧΧΧΙΠ

331 3427 404 3479 Mos.
420 3422 498 3476 Paris.
508 3423 582 3494 prob.
596 3423 781 3475 Act-rodere
789 3443 863 3492 quos·

331 3513 391 3563 darn
413 3509 498 3582 legere
518 3522 610 3564 monet
628 3509 743 3562 Lubinus
753 3551 761 3576 ,
773 3510 818 3580 qui
836 3511 863 3563 id

332 3595 451 3665 ospnnit,
467 3593 539 3648 avide
555 3613 657 3648 vorare.

366 3685 489 3746 tapam
506 3694 554 3747 pro
578 3695 679 3746 pueram
705 3675 813 3729 restituit
833 3695 863 3728 ex

335 3765 373 3811 444.
396 3767 434 3811 45.
453 3767 493 3813 46.
510 3766 549 3812 47.
570 3761 676 3812 49-27.
700 3765 807 3812 45-50.
823 3765 863 3812 54.

334 3847 374 3894 55.
389 3847 499 3895 57-69.
510 3848 553 3894 74.
567 3845 609 3892 72.
623 3841 780 3894 73.etXXX
790 3839 864 3896 MSS.

333 3923 579 3976 PariaPossisetiam
587 3921 758 3993 distinguere:
771 3923 864 3976 Trans·

333 4011 403 4068 ierit,
416 4027 508 4076 pietro,
522 4035 553 4046 -
567 4008 708 4059 admoveas.
856 4069 862 4078 .

372 4099 412 4143 46.
436 4091 592 4160 Praecipitat
612 4095 654 4161 qui
674 4095 715 4144 29.
734 4089 864 4161 Praecipi-

335 4189 421 4226 tatere!
439 4179 476 4227 tt.
492 4206 523 4217 -·
536 4179 632 4228 animos
652 4179 692 4229 40.
713 4181 752 4227 42.
771 4183 811 4228 45.
825 4181 865 4228 47.

340 4261 427 4306 itaut.
448 4261 487 4307 27.
510 4259 617 4310 45-50.
637 4258 678 4308 dl.
697 4259 737 4308 55.
757 4261 865 4309 57-63.

339 4347 445 4390 os--at
462 4345 559 4409 74272.
580 4339 619 4394 73.
635 4348 663 4392 et
686 4335 864 4394 multimodo.

337 4421 415 4473 l'as'is.
503 4418 513 4453 '⁹

945 2925 985 2984 47.
1005 2929 1118 2982 Materia
1137 2940 1249 2982 waslare
1262 2933 1320 2997 pori
1329 2929 1446 2998 paribus·

910 3028 956 3080 qne
968 3010 1093 3061 elemento
1105 3009 1172 3076 conj.
1188 3007 1289 3062 Wakel'.
1301 3007 1333 3058 ad
1341 3009 1449 3059 Lucret·

911 3093 960 3153 lll,
983 3097 1039 3144 375.
1059 3091 1110 3144 Sed
1127 3090 1234 3162 iungere
1250 3091 1342 3141 malim
1358 3105 1452 3141 norm

912 3173 1030 3225 materia.
1041 3189 1066 3222 v.
1078 3173 1180 3224 comm.
1197 3201 1226 3212 -
1238 3171 1366 3240 paribusve
1389 3177 1432 3223 47.

939 3261 988 3311 td.
1005 3257 1130 3309 Ituaove're
1151 3255 1269 3326 quidam.
1287 3285 1320 3295 -
1342 3253 1453 3307 nauto

916 3347 955 3393 44.
972 3345 1013 3394 tr.
1033 3345 1190 3393 toti—24.
1260 3387 1265 3403 ,

949 3430 989 3476 49.
1000 3423 1141 3494 Plagatwn
1154 3425 1247 3494 crepitu
1255 3420 1453 3474 emendssrou-

915 3505 1030 3560 lhos.ad
1050 3505 1211 3572 Tibult.1v,
1236 3513 1267 3570 4,
1296 3511 1338 3558 59.
1362 3523 1455 3576 quum

915 3610 1015 3660 crepare
1026 3591 1058 3644 sit
1071 3591 1182 3644 verbum
1199 3587 1330 3658 proprium
1349 3587 1377 3640 in
1395 3607 1456 3640 ver·

914 3675 1025 3728 boribus.
1034 3674 1085 3727 Sed
1098 3673 1184 3744 paucis
1196 3671 1221 3726 id
1234 3671 1297 3725 locis
1310 3670 1380 3724 haud
1392 3691 1456 3724 con·

914 3759 954 3811 fici
966 3777 1038 3828 posse
1051 3768 1140 3811 monet
1152 3757 1226 3818 Helu.
1240 3767 1265 3810 et
1280 3756 1306 3807 in
1326 3755 1384 3808 loeo
1399 3757 1454 3809 Cic.

914 3841 987 3895 Verr.
1008 3841 1043 3905 V,
1060 3845 1222 3910 62.strepitur
1237 3837 1289 3909 legi
1304 3838 1330 3889 in
1345 3837 1454 3890 duobus

914 3923 989 3978 codd.
1003 3935 1067 3978 teste
1080 3923 1162 3978 Gran.
1176 3923 1207 3976 ad
1225 3919 1292 3976 Gell.
1307 3923 1352 3986 X,
1367 3929 1395 3974 3.

949 4011 990 4060 20.
1001 4019 1025 4058 et
1038 4025 1085 4076 pro
1096 4027 1126 4059 ac
1140 4011 1181 4059 22.

949 4093 992 4144 24.
1009 4089 1081 4141 Tunc
1095 4093 1354 4143 40.tt.47.t9-2⁴1.
1370 4093 1451 4142 45.-

915 4172 1004 4241 aliqut'a
1012 4177 1106 4240 quoties
1119 4179 1143 4225 7.
1156 4182 1181 4224 et
1194 4191 1254 4225 mox
1263 4193 1287 4224 v.
1296 4177 1338 4224 22.
1346 4190 1452 4242 propter

915 4254 963 4304 duo
975 4261 997 4306 7.
1012 4261 1053 4307 44.
1067 4257 1213 4323 Vtrumque
1225 4255 1344 4324 probavit
1362 4255 1447 4306 d'Or·
1483 4253 1488 4260 ’

915 4331 977 4390 ville
997 4333 1028 4387 ad
1047 4331 1177 4390 Chariton.
1200 4335 1226 4398 1,
1249 4339 1272 4391 5.
1293 4354 1320 4405 p.
1335 4333 1450 4387 med.

913 4416 983 4488 Lips.
