3108 5494
264 330 326 437 28
662 307 671 320 ’
714 369 943 450 irrentus

261 575 321 660 En
341 577 533 678 habitunt,
553 588 689 687 quota
706 575 808 689 leges
830 601 873 662 ac
891 581 975 662 iura
994 577 1177 668 ferentem
1248 599 1251 608 '
1383 665 1387 673 .

259 697 492 780 Vulneribus
512 699 639 778 crudis
657 699 822 808 populus
847 702 960 784 modo
978 709 1100 786 vietor
1116 724 1155 784 et
1174 698 1273 786 illud
1382 779 1387 788 .

258 821 484 897 Montanum
503 821 801 927 positisaudirct
820 818 954 927 vulgus
974 825 1120 903 aratris.

258 940 360 1034 Quid
381 967 458 1013 non
476 938 705 1044 proclames,
726 943 766 1015 in
787 969 948 1046 corpore
971 941 1104 1020 iudicis
1125 945 1194 1022 ista
1353 944 1385 998 ⁷⁵

259 1061 297 1133 Si
318 1059 472 1138 videas?
493 1087 657 1160 quaere,
684 1088 733 1134 aa
752 1059 885 1136 deceat
904 1059 1072 1136 multicia
1092 1062 1251 1140 testem?

258 1176 357 1250 Acer
374 1193 412 1248 et
432 1174 636 1252 indomitus
656 1175 916 1280 libertatisque
937 1179 1136 1280 magister,

259 1296 426 1386 Cretico,
445 1293 629 1398 perluces.
658 1293 771 1370 Dedit
789 1296 888 1371 hano
909 1297 1086 1399 oodtagio
1106 1295 1230 1378 labem

260 1411 309 1482 Et
328 1409 434 1486 dabit
451 1413 492 1484 in
511 1412 638 1514 plures
649 1441 660 1504 3
680 1414 777 1488 sicut
796 1439 889 1514 grex
907 1431 1008 1490 totus
1028 1417 1068 1486 in
1088 1413 1185 1516 agris

260 1531 381 1604 Vnius
399 1528 523 1606 scabie
544 1529 644 1606 cadit
663 1546 700 1604 et
719 1533 914 1634 porrigine
933 1533 1058 1635 porci,
1351 1531 1383 1580 ⁸⁰

157 1673 161 1680 “
257 1649 416 1748 Vvaque
436 1656 638 1752 conspecta
655 1645 814 1724 livorem
832 1647 939 1724 ducit
958 1647 1004 1722 ab
1024 1675 1108 1726 uva.

310 1763 471 1840 Foedius
492 1764 564 1839 boo
584 1763 730 1864 aliquid
751 1763 984 1866 quandoque
1004 1763 1159 1840 audebis
1181 1762 1331 1839 amictu.

255 1883 374 1958 Nemo
393 1900 550 1986 repente
569 1886 672 1962 venit
690 1885 935 1985 turpissimus.
961 1885 1159 1987 Accipiunt
1182 1895 1218 1954 te

254 2000 457 2093 Paulatim,
479 2003 546 2102 qui
565 1999 679 2104 longa
700 2001 802 2076 domi
823 1999 1046 2076 redimicula
1065 2016 1219 2074 sumunt

253 2117 483 2210 Frontibus,
500 2134 538 2194 et
558 2134 636 2192 toto
655 2145 817 2220 posuere
838 2118 990 2193 monilia
1014 2114 1142 2208 colla,

254 2236 380 2340 Atque
399 2239 542 2313 Bonam
559 2253 711 2352 tenerae
731 2237 885 2342 placant
904 2235 1106 2312 abdomine
1125 2258 1276 2338 porcae,

1346 2111 1378 2162 66

291 2511 334 2561 72.
353 2525 392 2558 me
404 2507 523 2577 sssspicari
537 2507 619 2579 possis
633 2525 678 2578 pro
694 2521 727 2572 tc,
837 2511 899 2582 sere
912 2509 940 2559 id
953 2511 980 2559 ia
993 2505 1285 2577 cupillosteri,rariasia
1294 2501 1379 2563 barba,

290 2598 333 2647 76.
348 2593 433 2645 deceat
447 2599 486 2644 46.
501 2597 542 2646 26.
558 2599 600 2648 75.
618 2599 659 2647 76.
669 2623 703 2634 -
713 2592 794 2646 multi·
846 2594 980 2664 aliquando
993 2596 1067 2643 etium
1080 2593 1106 2640 ia
1118 2589 1247 2660 supercilio
1254 2607 1264 2649 ,·
1278 2603 1328 2654 qua
1338 2603 1378 2636 ra·

256 2677 293 2728 sia
308 2673 360 2730 alii.
375 2695 402 2727 v.
416 2675 448 2728 nd
458 2695 482 2728 v.
499 2683 540 2730 66.
845 2677 914 2729 tione
927 2675 1015 2729 suibus
1029 2672 1142 2743 capillos,
1158 2672 1275 2736 barbam,
1287 2687 1377 2740 super-

288 2768 329 2815 78.
345 2760 436 2814 Critice
449 2760 563 2830 qnidam.
578 2781 604 2814 v.
620 2759 652 2813 ad
671 2780 695 2813 v.
711 2769 792 2816 67.-
846 2760 917 2825 cilia,
943 2759 1069 2830 affingas?
1088 2761 1168 2809 Vetus
1182 2757 1265 2828 glossa
1276 2756 1380 2825 porrigo

254 2845 361 2916 pellaces
376 2851 405 2898 47
423 2863 436 2896 a
451 2863 487 2897 rn.
506 2864 555 2910 sec.
576 2849 740 2898 7922-25.
752 2851 792 2898 27.
844 2847 922 2900 vertit
946 2847 1106 2919 πιτυρίασις,
1122 2845 1230 2914 ,πίτυρα
1252 2841 1284 2895 τὰ
1302 2840 1327 2894 s'u
1345 2845 1379 2918 cij

251 2933 792 2997 46.tate.sose-tetso-osns-
845 2932 951 3011 κεφαλῇ.
974 2929 1087 3000 Porrigo
1113 2939 1201 2981 autern
1228 2937 1253 2978 et
1276 2928 1380 2996 prurigo

252 3021 295 3068 ts.
305 3019 346 3067 77.
361 3013 470 3086 panaces
483 3013 641 3066 45.-rulem
658 3019 697 3065 ⁴9.
708 3017 792 3066 2657.
845 3013 967 3066 differunt
978 3024 1111 3086 tamquam
1129 3029 1212 3082 genus
1224 3019 1250 3062 cl
1270 3009 1380 3079 species,

289 3101 330 3150 80.
347 3101 479 3168 prurigine
497 3102 538 3150 40.
564 3106 604 3149 tt.
626 3103 667 3149 48.
686 3101 727 3148 49.
750 3103 790 3150 54.
845 3117 955 3167 quorum
986 3096 1049 3149 haec
1075 3105 1159 3150 tolum
1185 3111 1295 3166 corpus,
1315 3090 1380 3144 illud

252 3187 297 3235 65.
311 3184 354 3235 80.
370 3186 500 3252 prurigine
516 3189 555 3235 ss.
576 3185 614 3234 46.
631 3189 660 3234 47
676 3199 690 3232 a
705 3201 740 3233 m.
753 3199 791 3250 pr.
844 3194 921 3254 caput
938 3183 1167 3248 sauromatum„

253 3271 295 3316 49.
312 3270 356 3318 27.
369 3271 491 3320 44-47.
508 3271 550 3319 54.
567 3269 791 3320 56-58.esxvt.
879 3273 920 3320 81.
934 3269 1049 3338 consecto
1065 3271 1104 3320 44.
1118 3275 1234 3317 contactu
1254 3265 1285 3316 46
1307 3281 1321 3314 a
1342 3277 1378 3314 m.

252 3351 357 3404 circiter
376 3349 453 3404 codd.
472 3351 552 3403 Paris.
570 3351 641 3420 prob.
658 3350 790 3402 Turnebo.
843 3370 892 3404 sec.
911 3351 1074 3406 etSarisbcr.
1090 3349 1252 3419 quodetiam
1266 3345 1380 3400 malebat

251 3436 358 3488 Beckius
370 3437 382 3502 (
393 3456 417 3487 v.
431 3433 464 3487 ad
480 3443 503 3500 t,
520 3442 561 3488 to't
571 3439 589 3502 .)
600 3434 663 3487 haec
677 3437 788 3488 notavit:
842 3434 983 3502 attestati,
996 3445 1025 3488 ut
1036 3432 1199 3488 commodior
1210 3441 1277 3486 esset
1290 3445 1379 3484 sensim

253 3520 395 3573 “Isidorus
407 3521 435 3572 in
448 3521 513 3572 cutis
531 3519 600 3572 vitiis
618 3523 706 3592 Etym.
721 3526 744 3586 4,
766 3524 789 3572 8.
842 3531 869 3574 et
887 3522 1007 3592 opertior.
1025 3521 1059 3572 At
1077 3539 1102 3574 v.
1123 3521 1226 3572 Comm.
1251 3525 1380 3587 compacta

252 3603 372 3675 Prurigo,
389 3605 484 3674 inquit,
503 3616 594 3656 vocata
615 3625 632 3658 a
651 3607 789 3674 puauendo
842 3625 895 3660 non
910 3624 989 3659 nemo
1001 3603 1103 3658 emend.
1121 3613 1185 3660 teste
1202 3599 1345 3654 Henniaio.

252 3699 275 3738 et
284 3686 405 3739 arderado.
417 3688 553 3739 Hocsensu
564 3685 707 3740 rectissime
720 3705 790 3738 usur·
877 3696 918 3744 82.
931 3690 1001 3744 aliud
1015 3709 1060 3760 pro
1072 3689 1171 3759 aliquid
1181 3687 1250 3740 coni.
1267 3685 1362 3738 Latin.

252 3781 328 3840 potue
344 3770 377 3824 dc
394 3769 494 3835 suibus,
516 3771 642 3842 quoniam
665 3769 699 3822 ob
723 3789 786 3839 pru·
875 3782 917 3829 83.
932 3779 998 3828 veuit
1012 3773 1157 3827 vettcodd.
1171 3771 1265 3844 Rigalt.
1277 3771 1376 3827 etPoc-

251 3853 363 3908 rientem
388 3867 475 3910 cutem
501 3854 556 3920 luto
582 3853 736 3910 solistantnr
763 3864 788 3906 et
840 3857 1124 3928 tani‚quemvidcad
1142 3855 1261 3912 Macrob.
1281 3857 1335 3908 Sat.
1351 3859 1376 3918 3,

249 3939 386 4007 quibusvis
413 3937 540 4009 lapidibus
564 3957 593 3991 ac
614 3937 711 3994 truncis
735 3957 789 3993 sese
842 3945 883 3993 til.
909 3945 964 3994 Hoc
983 3943 1091 3996 omnino
1110 3939 1223 4004 doctius,
1247 3957 1327 4010 quam
1346 3943 1374 3988 ut

252 4023 368 4077 affricare
382 4024 503 4096 gaudent.
517 4021 606 4076 Celsus
620 4034 709 4076 contra
723 4031 747 4088 6,
762 4031 788 4077 2.
839 4023 950 4080 librariis
967 4027 1105 4090 debeatur,
1123 4035 1150 4077 el
1163 4024 1274 4078 occurrii
1294 4021 1374 4074 etiarn

248 4113 406 4180 porriginem
421 4107 557 4174 describit,
571 4117 600 4160 ut
611 4108 659 4175 sit,
674 4110 714 4160 ati
725 4111 788 4161 irater
840 4115 866 4172 7,
879 4115 921 4163 29.
933 4109 1002 4162 uude
1017 4129 1086 4162 nunc
1096 4105 1235 4180 recepisit
1245 4126 1291 4176 pro
1304 4105 1373 4158 verrit

247 4195 314 4265 pilos
323 4193 444 4263 quaedam
453 4199 522 4265 qsrasi
535 4195 676 4266 squamulae
685 4205 787 4264 surgunt
841 4199 881 4247 ⁴9.
898 4200 940 4249 45.
950 4197 1002 4268 fiat
1014 4195 1071 4258 alil,
1086 4197 1175 4270 etsuil
1184 4192 1295 4265 reliqui:
1307 4207 1371 4262 quas

250 4297 340 4347 eaeque
351 4297 368 4328 u
379 4289 432 4329 usta
441 4279 613 4343 resolveritis&
627 4291 651 4331 ct
664 4280 786 4330 interdum
839 4279 927 4332 omnia
944 4299 975 4332 cs
988 4279 1069 4350 glossa
1083 4279 1207 4334 videntur
1222 4288 1286 4333 orta.

251 4350 457 4424 madeat,uwllo
473 4365 569 4434 saepius
582 4366 660 4415 siccae
673 4375 736 4416 siuet.
751 4363 785 4415 At
870 4369 911 4418 86.
934 4365 1023 4422 borram
1051 4362 1165 4422 Cererem
1193 4370 1369 4424 to-semcrc

248 4445 400 4510 salmacia
421 4446 442 4512 si
460 4445 537 4530 paulo
557 4456 614 4530 post
636 4445 784 4527 elocuta,
835 4453 877 4520 tt.
896 4453 938 4516 65,
1015 4471 1017 4480 ·
