<?xml version="1.0" encoding="UTF-8"?>
<!DOCTYPE html PUBLIC "-//W3C//DTD XHTML 1.0 Transitional//EN"
    "http://www.w3.org/TR/xhtml1/DTD/xhtml1-transitional.dtd">
<html xmlns="http://www.w3.org/1999/xhtml" xml:lang="en" lang="en">
 <head>
  <title>
</title>
<meta http-equiv="Content-Type" content="text/html;charset=utf-8" />
  <meta name='ocr-system' content='tesseract 3.04.00' />
  <meta name='ocr-capabilities' content='ocr_page ocr_carea ocr_par ocr_line ocrx_word'/>
</head>
<body>
  <div class='ocr_page' id='page_1' title='image "./diuniiiuvenalis00persgoog_0215.png"; bbox 0 0 3108 5494; ppageno 0'>
   <div class='ocr_carea' id='block_1_1' title="bbox 606 419 1282 540">
    <p class='ocr_par' dir='ltr' id='par_1_1' title="bbox 606 419 1282 540">
     <span class='ocr_line' id='line_1_1' title="bbox 606 419 1282 540; baseline 0.012 -44"><span class='ocrx_word' id='word_1_1' title='bbox 606 437 757 498; x_wconf 73' lang='lat' dir='ltr'><strong>sarius</strong></span> <span class='ocrx_word' id='word_1_2' title='bbox 795 439 851 502; x_wconf 80' lang='grc' dir='ltr'><strong>ιν.</strong></span> <span class='ocrx_word' id='word_1_3' title='bbox 1222 419 1282 540; x_wconf 80' lang='lat'><strong>67</strong></span> 
     </span>
    </p>
   </div>
   <div class='ocr_carea' id='block_1_2' title="bbox 159 632 1287 2713">
    <p class='ocr_par' dir='ltr' id='par_1_2' title="bbox 161 632 1043 738">
     <span class='ocr_line' id='line_1_2' title="bbox 161 632 1043 738; baseline 0.005 -28"><span class='ocrx_word' id='word_1_4' title='bbox 161 633 391 738; x_wconf 81' lang='lat' dir='ltr'><strong>Blandaque</strong></span> <span class='ocrx_word' id='word_1_5' title='bbox 416 632 580 708; x_wconf 85' lang='lat' dir='ltr'><strong>devexae</strong></span> <span class='ocrx_word' id='word_1_6' title='bbox 606 635 764 709; x_wconf 83' lang='lat' dir='ltr'><strong>iactaret</strong></span> <span class='ocrx_word' id='word_1_7' title='bbox 788 633 893 711; x_wconf 85' lang='lat' dir='ltr'><strong>basia</strong></span> <span class='ocrx_word' id='word_1_8' title='bbox 918 635 1043 714; x_wconf 86' lang='lat' dir='ltr'><strong>redae.</strong></span> 
     </span>
    </p>

    <p class='ocr_par' dir='ltr' id='par_1_3' title="bbox 159 747 1272 860">
     <span class='ocr_line' id='line_1_3' title="bbox 159 747 1272 860; baseline 0.007 -34"><span class='ocrx_word' id='word_1_9' title='bbox 159 753 284 827; x_wconf 87' lang='lat' dir='ltr'><strong>Nemo</strong></span> <span class='ocrx_word' id='word_1_10' title='bbox 310 751 427 852; x_wconf 77' lang='lat' dir='ltr'><strong>magis</strong></span> <span class='ocrx_word' id='word_1_11' title='bbox 453 747 654 824; x_wconf 83' lang='lat' dir='ltr'><strong>rhombum</strong></span> <span class='ocrx_word' id='word_1_12' title='bbox 680 753 846 853; x_wconf 80' lang='lat' dir='ltr'><strong>stupuit3</strong></span> <span class='ocrx_word' id='word_1_13' title='bbox 873 779 960 828; x_wconf 84' lang='lat' dir='ltr'><strong>nam</strong></span> <span class='ocrx_word' id='word_1_14' title='bbox 986 754 1150 860; x_wconf 86' lang='lat' dir='ltr'><strong>plurima</strong></span> <span class='ocrx_word' id='word_1_15' title='bbox 1175 755 1272 834; x_wconf 80' lang='lat' dir='ltr'>dixit</span> 
     </span>
    </p>

    <p class='ocr_par' dir='ltr' id='par_1_4' title="bbox 161 865 1284 962">
     <span class='ocr_line' id='line_1_4' title="bbox 161 865 1284 962; baseline 0.005 -20"><span class='ocrx_word' id='word_1_16' title='bbox 161 867 210 942; x_wconf 93' lang='lat' dir='ltr'><strong>In</strong></span> <span class='ocrx_word' id='word_1_17' title='bbox 233 866 379 944; x_wconf 84' lang='lat' dir='ltr'><strong>laevam</strong></span> <span class='ocrx_word' id='word_1_18' title='bbox 396 884 623 957; x_wconf 80' lang='lat' dir='ltr'><strong>conversus3</strong></span> <span class='ocrx_word' id='word_1_19' title='bbox 652 865 772 942; x_wconf 81' lang='lat' dir='ltr'><strong>atilli</strong></span> <span class='ocrx_word' id='word_1_20' title='bbox 798 867 931 945; x_wconf 78' lang='lat' dir='ltr'><strong>dextra</strong></span> <span class='ocrx_word' id='word_1_21' title='bbox 958 872 1104 948; x_wconf 85' lang='lat' dir='ltr'><strong>iacebat</strong></span> <span class='ocrx_word' id='word_1_22' title='bbox 1234 875 1284 962; x_wconf 60' lang='lat' dir='ltr'><strong>ras</strong></span> 
     </span>
    </p>

    <p class='ocr_par' dir='ltr' id='par_1_5' title="bbox 161 973 1099 1088">
     <span class='ocr_line' id='line_1_5' title="bbox 161 973 1099 1088; baseline 0.006 -32"><span class='ocrx_word' id='word_1_23' title='bbox 161 980 293 1056; x_wconf 86' lang='lat' dir='ltr'><strong>Belua.</strong></span> <span class='ocrx_word' id='word_1_24' title='bbox 346 983 407 1057; x_wconf 89' lang='lat' dir='ltr'><strong>Sic</strong></span> <span class='ocrx_word' id='word_1_25' title='bbox 427 1007 574 1088; x_wconf 79' lang='lat' dir='ltr'><strong>pugnas</strong></span> <span class='ocrx_word' id='word_1_26' title='bbox 599 979 723 1058; x_wconf 84' lang='lat' dir='ltr'><strong>Giliois</strong></span> <span class='ocrx_word' id='word_1_27' title='bbox 749 981 930 1060; x_wconf 85' lang='lat' dir='ltr'><strong>laudabat</strong></span> <span class='ocrx_word' id='word_1_28' title='bbox 946 1003 985 1060; x_wconf 88' lang='lat' dir='ltr'><strong>et</strong></span> <span class='ocrx_word' id='word_1_29' title='bbox 1003 973 1099 1064; x_wconf 81' lang='lat' dir='ltr'><strong>ictus</strong></span> 
     </span>
    </p>

    <p class='ocr_par' dir='ltr' id='par_1_6' title="bbox 165 1095 1076 1206">
     <span class='ocr_line' id='line_1_6' title="bbox 165 1095 1076 1206; baseline 0.007 -36"><span class='ocrx_word' id='word_1_30' title='bbox 165 1099 218 1171; x_wconf 90' lang='lat' dir='ltr'><strong>Et</strong></span> <span class='ocrx_word' id='word_1_31' title='bbox 233 1123 366 1202; x_wconf 83' lang='lat' dir='ltr'>pegma</span> <span class='ocrx_word' id='word_1_32' title='bbox 386 1113 424 1171; x_wconf 91' lang='lat' dir='ltr'><strong>et</strong></span> <span class='ocrx_word' id='word_1_33' title='bbox 442 1113 583 1202; x_wconf 78' lang='lat' dir='ltr'><strong>pueros</strong></span> <span class='ocrx_word' id='word_1_34' title='bbox 601 1095 691 1173; x_wconf 87' lang='lat' dir='ltr'><strong>inde</strong></span> <span class='ocrx_word' id='word_1_35' title='bbox 709 1097 757 1172; x_wconf 88' lang='lat' dir='ltr'><strong>ad</strong></span> <span class='ocrx_word' id='word_1_36' title='bbox 777 1097 917 1177; x_wconf 82' lang='lat' dir='ltr'><strong>velaria</strong></span> <span class='ocrx_word' id='word_1_37' title='bbox 936 1118 1076 1206; x_wconf 82' lang='lat' dir='ltr'><strong>raptos.</strong></span> 
     </span>
    </p>

    <p class='ocr_par' dir='ltr' id='par_1_7' title="bbox 167 1211 1114 1308">
     <span class='ocr_line' id='line_1_7' title="bbox 167 1211 1114 1308; baseline 0.004 -19"><span class='ocrx_word' id='word_1_38' title='bbox 167 1215 254 1289; x_wconf 88' lang='lat' dir='ltr'><strong>Non</strong></span> <span class='ocrx_word' id='word_1_39' title='bbox 271 1211 372 1288; x_wconf 84' lang='lat' dir='ltr'>cedit</span> <span class='ocrx_word' id='word_1_40' title='bbox 389 1217 572 1305; x_wconf 84' lang='lat' dir='ltr'><strong>Veiento,</strong></span> <span class='ocrx_word' id='word_1_41' title='bbox 590 1213 678 1306; x_wconf 71' lang='lat' dir='ltr'><strong>sod,</strong></span> <span class='ocrx_word' id='word_1_42' title='bbox 696 1231 741 1290; x_wconf 91' lang='lat' dir='ltr'><strong>ut</strong></span> <span class='ocrx_word' id='word_1_43' title='bbox 760 1215 969 1308; x_wconf 75' lang='lat' dir='ltr'><strong>fanaticus,</strong></span> <span class='ocrx_word' id='word_1_44' title='bbox 988 1235 1114 1294; x_wconf 88' lang='lat' dir='ltr'><strong>oestro</strong></span> 
     </span>
    </p>

    <p class='ocr_par' dir='ltr' id='par_1_8' title="bbox 169 1327 1099 1436">
     <span class='ocr_line' id='line_1_8' title="bbox 169 1327 1099 1436; baseline 0.004 -32"><span class='ocrx_word' id='word_1_45' title='bbox 169 1329 387 1421; x_wconf 85' lang='lat' dir='ltr'><strong>Percussus,</strong></span> <span class='ocrx_word' id='word_1_46' title='bbox 405 1327 587 1420; x_wconf 77' lang='lat' dir='ltr'><strong>Bellona,</strong></span> <span class='ocrx_word' id='word_1_47' title='bbox 612 1345 681 1405; x_wconf 86' lang='lat' dir='ltr'><strong>tuo</strong></span> <span class='ocrx_word' id='word_1_48' title='bbox 698 1329 863 1424; x_wconf 82' lang='lat' dir='ltr'><strong>divinat,</strong></span> <span class='ocrx_word' id='word_1_49' title='bbox 882 1335 942 1426; x_wconf 77' lang='lat' dir='ltr'><strong>et,</strong></span> <span class='ocrx_word' id='word_1_50' title='bbox 961 1335 1099 1436; x_wconf 86' lang='lat' dir='ltr'><strong>Ingens</strong></span> 
     </span>
    </p>

    <p class='ocr_par' dir='ltr' id='par_1_9' title="bbox 169 1447 1286 1554">
     <span class='ocr_line' id='line_1_9' title="bbox 169 1447 1286 1554; baseline 0.004 -34"><span class='ocrx_word' id='word_1_51' title='bbox 169 1447 287 1520; x_wconf 86' lang='lat' dir='ltr'><strong>Omen</strong></span> <span class='ocrx_word' id='word_1_52' title='bbox 305 1447 445 1538; x_wconf 88' lang='lat' dir='ltr'><strong>habes,</strong></span> <span class='ocrx_word' id='word_1_53' title='bbox 463 1449 612 1552; x_wconf 85' lang='lat' dir='ltr'><strong>inquit,</strong></span> <span class='ocrx_word' id='word_1_54' title='bbox 630 1451 755 1552; x_wconf 78' lang='lat' dir='ltr'><strong>magni</strong></span> <span class='ocrx_word' id='word_1_55' title='bbox 774 1447 948 1552; x_wconf 86' lang='lat' dir='ltr'><strong>clarique</strong></span> <span class='ocrx_word' id='word_1_56' title='bbox 967 1449 1168 1554; x_wconf 85' lang='lat' dir='ltr'><strong>triumphi:</strong></span> <span class='ocrx_word' id='word_1_57' title='bbox 1239 1487 1286 1538; x_wconf 65' lang='grc' dir='ltr'><strong>ης</strong></span> 
     </span>
    </p>

    <p class='ocr_par' dir='ltr' id='par_1_10' title="bbox 166 1561 1186 1669">
     <span class='ocr_line' id='line_1_10' title="bbox 166 1561 1186 1669; baseline 0.007 -32"><span class='ocrx_word' id='word_1_58' title='bbox 166 1565 306 1666; x_wconf 85' lang='lat' dir='ltr'><strong>Regem</strong></span> <span class='ocrx_word' id='word_1_59' title='bbox 326 1561 492 1666; x_wconf 83' lang='lat' dir='ltr'><strong>aliquem</strong></span> <span class='ocrx_word' id='word_1_60' title='bbox 512 1567 636 1669; x_wconf 85' lang='lat' dir='ltr'><strong>capies</strong></span> <span class='ocrx_word' id='word_1_61' title='bbox 647 1618 659 1657; x_wconf 88' lang='lat'><em>,</em></span> <span class='ocrx_word' id='word_1_62' title='bbox 677 1581 743 1639; x_wconf 82' lang='lat' dir='ltr'><strong>tut</strong></span> <span class='ocrx_word' id='word_1_63' title='bbox 759 1563 809 1640; x_wconf 81' lang='lat' dir='ltr'><strong>de</strong></span> <span class='ocrx_word' id='word_1_64' title='bbox 828 1581 979 1642; x_wconf 77' lang='lat' dir='ltr'><strong>temone</strong></span> <span class='ocrx_word' id='word_1_65' title='bbox 1002 1569 1186 1644; x_wconf 82' lang='lat' dir='ltr'><strong>Britanno</strong></span> 
     </span>
    </p>

    <p class='ocr_par' dir='ltr' id='par_1_11' title="bbox 165 1677 1175 1786">
     <span class='ocr_line' id='line_1_11' title="bbox 165 1677 1175 1786; baseline 0.006 -34"><span class='ocrx_word' id='word_1_66' title='bbox 165 1677 325 1755; x_wconf 80' lang='lat' dir='ltr'><strong>Excidet</strong></span> <span class='ocrx_word' id='word_1_67' title='bbox 344 1679 569 1784; x_wconf 77' lang='lat' dir='ltr'><strong>Arviragbsr</strong></span> <span class='ocrx_word' id='word_1_68' title='bbox 596 1685 801 1786; x_wconf 81' lang='lat' dir='ltr'><strong>peregrina</strong></span> <span class='ocrx_word' id='word_1_69' title='bbox 822 1699 878 1757; x_wconf 86' lang='lat' dir='ltr'><strong>est</strong></span> <span class='ocrx_word' id='word_1_70' title='bbox 894 1680 1031 1757; x_wconf 89' lang='lat' dir='ltr'><strong>belua:</strong></span> <span class='ocrx_word' id='word_1_71' title='bbox 1051 1685 1175 1759; x_wconf 85' lang='lat' dir='ltr'><strong>cernis</strong></span> 
     </span>
    </p>

    <p class='ocr_par' dir='ltr' id='par_1_12' title="bbox 164 1795 1074 1900">
     <span class='ocr_line' id='line_1_12' title="bbox 164 1795 1074 1900; baseline 0.002 -30"><span class='ocrx_word' id='word_1_72' title='bbox 164 1798 322 1871; x_wconf 77' lang='lat' dir='ltr'><strong>Erectus</strong></span> <span class='ocrx_word' id='word_1_73' title='bbox 342 1797 383 1870; x_wconf 91' lang='lat' dir='ltr'><strong>in</strong></span> <span class='ocrx_word' id='word_1_74' title='bbox 400 1813 506 1900; x_wconf 80' lang='lat' dir='ltr'><strong>terga</strong></span> <span class='ocrx_word' id='word_1_75' title='bbox 526 1796 667 1872; x_wconf 82' lang='lat' dir='ltr'><strong>audes?</strong></span> <span class='ocrx_word' id='word_1_76' title='bbox 716 1799 798 1872; x_wconf 83' lang='lat' dir='ltr'><strong>Hoc</strong></span> <span class='ocrx_word' id='word_1_77' title='bbox 816 1795 937 1872; x_wconf 83' lang='lat' dir='ltr'><strong>deluit</strong></span> <span class='ocrx_word' id='word_1_78' title='bbox 954 1825 1074 1873; x_wconf 89' lang='lat' dir='ltr'><strong>unum</strong></span> 
     </span>
    </p>

    <p class='ocr_par' dir='ltr' id='par_1_13' title="bbox 163 1912 1287 2132">
     <span class='ocr_line' id='line_1_13' title="bbox 163 1912 1227 2016; baseline -0.001 -28"><span class='ocrx_word' id='word_1_79' title='bbox 163 1912 366 2005; x_wconf 81' lang='lat' dir='ltr'><strong>Fabricio,</strong></span> <span class='ocrx_word' id='word_1_80' title='bbox 391 1917 552 2016; x_wconf 86' lang='lat' dir='ltr'><strong>patriam</strong></span> <span class='ocrx_word' id='word_1_81' title='bbox 568 1913 777 1990; x_wconf 78' lang='lat' dir='ltr'><strong>ut&#39;rhombi</strong></span> <span class='ocrx_word' id='word_1_82' title='bbox 796 1933 1023 1990; x_wconf 82' lang='lat' dir='ltr'><strong>memoraret</strong></span> <span class='ocrx_word' id='word_1_83' title='bbox 1041 1931 1079 1988; x_wconf 86' lang='lat' dir='ltr'><strong>et</strong></span> <span class='ocrx_word' id='word_1_84' title='bbox 1099 1939 1227 1989; x_wconf 89' lang='lat' dir='ltr'><strong>annos.</strong></span> 
     </span>
     <span class='ocr_line' id='line_1_14' title="bbox 215 2027 1287 2132; baseline -0.002 -29"><span class='ocrx_word' id='word_1_85' title='bbox 215 2027 406 2123; x_wconf 88' lang='lat' dir='ltr'><strong>Quidnam</strong></span> <span class='ocrx_word' id='word_1_86' title='bbox 417 2031 531 2132; x_wconf 83' lang='lat' dir='ltr'><strong>igitur</strong></span> <span class='ocrx_word' id='word_1_87' title='bbox 544 2033 694 2104; x_wconf 84' lang='lat' dir='ltr'><strong>censes?</strong></span> <span class='ocrx_word' id='word_1_88' title='bbox 705 2029 1055 2105; x_wconf 77' lang='lat' dir='ltr'><strong>conciditurldbsit</strong></span> <span class='ocrx_word' id='word_1_89' title='bbox 1068 2029 1115 2103; x_wconf 89' lang='lat' dir='ltr'><strong>ab</strong></span> <span class='ocrx_word' id='word_1_90' title='bbox 1129 2027 1197 2102; x_wconf 91' lang='lat' dir='ltr'><strong>illo</strong></span> <span class='ocrx_word' id='word_1_91' title='bbox 1236 2064 1287 2114; x_wconf 62' lang='grc' dir='ltr'><strong>η.)</strong></span> 
     </span>
    </p>

    <p class='ocr_par' dir='ltr' id='par_1_14' title="bbox 164 2143 1221 2249">
     <span class='ocr_line' id='line_1_15' title="bbox 164 2143 1221 2249; baseline -0.002 -29"><span class='ocrx_word' id='word_1_92' title='bbox 164 2143 341 2220; x_wconf 86' lang='lat' dir='ltr'><strong>Dedecus</strong></span> <span class='ocrx_word' id='word_1_93' title='bbox 356 2145 453 2236; x_wconf 90' lang='lat' dir='ltr'><strong>hoc,</strong></span> <span class='ocrx_word' id='word_1_94' title='bbox 478 2148 683 2222; x_wconf 81' lang='lat' dir='ltr'><strong>Montanus</strong></span> <span class='ocrx_word' id='word_1_95' title='bbox 700 2147 763 2222; x_wconf 85' lang='lat' dir='ltr'><strong>ait.</strong></span> <span class='ocrx_word' id='word_1_96' title='bbox 814 2147 926 2222; x_wconf 86' lang='lat' dir='ltr'><strong>Testa</strong></span> <span class='ocrx_word' id='word_1_97' title='bbox 947 2143 1022 2220; x_wconf 87' lang='lat' dir='ltr'><strong>alta</strong></span> <span class='ocrx_word' id='word_1_98' title='bbox 1041 2144 1221 2249; x_wconf 85' lang='lat' dir='ltr'><strong>paretur,</strong></span> 
     </span>
    </p>

    <p class='ocr_par' dir='ltr' id='par_1_15' title="bbox 166 2259 1086 2366">
     <span class='ocr_line' id='line_1_16' title="bbox 166 2259 1086 2366; baseline -0.001 -30"><span class='ocrx_word' id='word_1_99' title='bbox 166 2265 272 2356; x_wconf 87' lang='lat' dir='ltr'><strong>Quae</strong></span> <span class='ocrx_word' id='word_1_100' title='bbox 292 2263 398 2336; x_wconf 88' lang='lat' dir='ltr'><strong>tenui</strong></span> <span class='ocrx_word' id='word_1_101' title='bbox 418 2287 528 2336; x_wconf 90' lang='lat' dir='ltr'><strong>muro</strong></span> <span class='ocrx_word' id='word_1_102' title='bbox 547 2264 751 2366; x_wconf 89' lang='lat' dir='ltr'><strong>spatiosum</strong></span> <span class='ocrx_word' id='word_1_103' title='bbox 770 2259 925 2364; x_wconf 81' lang='lat' dir='ltr'><strong>colligat</strong></span> <span class='ocrx_word' id='word_1_104' title='bbox 944 2263 1086 2338; x_wconf 91' lang='lat' dir='ltr'><strong>orbem.</strong></span> 
     </span>
    </p>

    <p class='ocr_par' dir='ltr' id='par_1_16' title="bbox 166 2376 1224 2482">
     <span class='ocr_line' id='line_1_17' title="bbox 166 2376 1224 2482; baseline 0.001 -32"><span class='ocrx_word' id='word_1_105' title='bbox 166 2376 338 2452; x_wconf 75' lang='lat' dir='ltr'><strong>Debetur</strong></span> <span class='ocrx_word' id='word_1_106' title='bbox 356 2403 513 2480; x_wconf 86' lang='lat' dir='ltr'><strong>magnus</strong></span> <span class='ocrx_word' id='word_1_107' title='bbox 539 2379 689 2482; x_wconf 80' lang='lat' dir='ltr'><strong>patinae</strong></span> <span class='ocrx_word' id='word_1_108' title='bbox 716 2377 938 2481; x_wconf 87' lang='lat' dir='ltr'><strong>subitusque</strong></span> <span class='ocrx_word' id='word_1_109' title='bbox 966 2377 1224 2454; x_wconf 77' lang='lat' dir='ltr'><strong>Prometheus.</strong></span> 
     </span>
    </p>

    <p class='ocr_par' dir='ltr' id='par_1_17' title="bbox 168 2489 1250 2598">
     <span class='ocr_line' id='line_1_18' title="bbox 168 2489 1250 2598; baseline -0.001 -32"><span class='ocrx_word' id='word_1_110' title='bbox 168 2489 352 2596; x_wconf 82' lang='lat' dir='ltr'><strong>Argillam</strong></span> <span class='ocrx_word' id='word_1_111' title='bbox 370 2509 485 2596; x_wconf 92' lang='lat' dir='ltr'><strong>atque</strong></span> <span class='ocrx_word' id='word_1_112' title='bbox 512 2509 631 2569; x_wconf 90' lang='lat' dir='ltr'><strong>rotam</strong></span> <span class='ocrx_word' id='word_1_113' title='bbox 651 2495 762 2569; x_wconf 83' lang='lat' dir='ltr'><strong>citius</strong></span> <span class='ocrx_word' id='word_1_114' title='bbox 780 2509 1006 2598; x_wconf 82' lang='lat' dir='ltr'><strong>properate3</strong></span> <span class='ocrx_word' id='word_1_115' title='bbox 1025 2492 1091 2568; x_wconf 89' lang='lat' dir='ltr'><strong>sed</strong></span> <span class='ocrx_word' id='word_1_116' title='bbox 1111 2519 1157 2566; x_wconf 83' lang='lat' dir='ltr'><strong>ex</strong></span> <span class='ocrx_word' id='word_1_117' title='bbox 1177 2493 1250 2567; x_wconf 90' lang='lat' dir='ltr'><strong>hoc</strong></span> 
     </span>
    </p>

    <p class='ocr_par' dir='ltr' id='par_1_18' title="bbox 167 2607 1286 2713">
     <span class='ocr_line' id='line_1_19' title="bbox 167 2607 1286 2713; baseline 0.001 -31"><span class='ocrx_word' id='word_1_118' title='bbox 167 2609 358 2711; x_wconf 88' lang='lat' dir='ltr'><strong>Tempore</strong></span> <span class='ocrx_word' id='word_1_119' title='bbox 371 2609 457 2699; x_wconf 88' lang='lat' dir='ltr'><strong>iam,</strong></span> <span class='ocrx_word' id='word_1_120' title='bbox 470 2609 617 2701; x_wconf 86' lang='lat' dir='ltr'><strong>Caesar,</strong></span> <span class='ocrx_word' id='word_1_121' title='bbox 626 2607 730 2713; x_wconf 79' lang='lat' dir='ltr'><strong>figuli</strong></span> <span class='ocrx_word' id='word_1_122' title='bbox 741 2625 805 2682; x_wconf 81' lang='lat' dir='ltr'><strong>tua</strong></span> <span class='ocrx_word' id='word_1_123' title='bbox 815 2626 935 2684; x_wconf 87' lang='lat' dir='ltr'><strong>castra</strong></span> <span class='ocrx_word' id='word_1_124' title='bbox 946 2624 1165 2710; x_wconf 85' lang='lat' dir='ltr'><strong>sequantur.</strong></span> <span class='ocrx_word' id='word_1_125' title='bbox 1237 2638 1286 2690; x_wconf 71' lang='lat'><strong>435</strong></span> 
     </span>
    </p>
   </div>
   <div class='ocr_carea' id='block_1_3' title="bbox 164 2723 1259 3063">
    <p class='ocr_par' dir='ltr' id='par_1_19' title="bbox 164 2723 1259 3063">
     <span class='ocr_line' id='line_1_20' title="bbox 219 2723 1069 2866; baseline 0.004 -68"><span class='ocrx_word' id='word_1_126' title='bbox 219 2726 321 2798; x_wconf 85' lang='lat' dir='ltr'><strong>Vicit</strong></span> <span class='ocrx_word' id='word_1_127' title='bbox 339 2723 454 2828; x_wconf 84' lang='lat' dir='ltr'><strong>digna</strong></span> <span class='ocrx_word' id='word_1_128' title='bbox 472 2725 553 2803; x_wconf 88' lang='lat' dir='ltr'><strong>viro</strong></span> <span class='ocrx_word' id='word_1_129' title='bbox 569 2727 768 2866; x_wconf 52' lang='lat' dir='ltr'><strong>ffntentia.</strong></span> <span class='ocrx_word' id='word_1_130' title='bbox 821 2725 986 2802; x_wconf 85' lang='lat' dir='ltr'><strong>Noverat</strong></span> <span class='ocrx_word' id='word_1_131' title='bbox 1004 2723 1069 2801; x_wconf 86' lang='lat' dir='ltr'><strong>ille</strong></span> 
     </span>
     <span class='ocr_line' id='line_1_21' title="bbox 164 2837 1123 2946; baseline 0.006 -35"><span class='ocrx_word' id='word_1_132' title='bbox 164 2837 372 2916; x_wconf 84' lang='lat' dir='ltr'><strong>Luxuriam</strong></span> <span class='ocrx_word' id='word_1_133' title='bbox 389 2844 537 2946; x_wconf 84' lang='lat' dir='ltr'><strong>imperii</strong></span> <span class='ocrx_word' id='word_1_134' title='bbox 557 2855 722 2920; x_wconf 81' lang='lat' dir='ltr'><strong>veterem</strong></span> <span class='ocrx_word' id='word_1_135' title='bbox 738 2857 944 2945; x_wconf 87' lang='lat' dir='ltr'><strong>noctesque</strong></span> <span class='ocrx_word' id='word_1_136' title='bbox 962 2843 1123 2918; x_wconf 87' lang='lat' dir='ltr'><strong>Neronis</strong></span> 
     </span>
     <span class='ocr_line' id='line_1_22' title="bbox 165 2955 1259 3063; baseline 0.003 -35"><span class='ocrx_word' id='word_1_137' title='bbox 165 2957 246 3030; x_wconf 88' lang='lat' dir='ltr'><strong>Iam</strong></span> <span class='ocrx_word' id='word_1_138' title='bbox 260 2955 402 3032; x_wconf 86' lang='lat' dir='ltr'><strong>medias</strong></span> <span class='ocrx_word' id='word_1_139' title='bbox 422 2955 610 3062; x_wconf 84' lang='lat' dir='ltr'><strong>aliamque</strong></span> <span class='ocrx_word' id='word_1_140' title='bbox 629 2955 787 3051; x_wconf 87' lang='lat' dir='ltr'><strong>famem,</strong></span> <span class='ocrx_word' id='word_1_141' title='bbox 806 2985 924 3063; x_wconf 92' lang='lat' dir='ltr'><strong>quum</strong></span> <span class='ocrx_word' id='word_1_142' title='bbox 943 2955 1075 3062; x_wconf 85' lang='lat' dir='ltr'><strong>pulmo</strong></span> <span class='ocrx_word' id='word_1_143' title='bbox 1097 2955 1259 3032; x_wconf 86' lang='lat' dir='ltr'><strong>Falerno</strong></span> 
     </span>
    </p>
   </div>
   <div class='ocr_carea' id='block_1_4' title="bbox 165 3133 1284 3288">
    <p class='ocr_par' dir='ltr' id='par_1_20' title="bbox 165 3133 1284 3288">
     <span class='ocr_line' id='line_1_23' title="bbox 165 3133 1284 3210; baseline 0.006 -25"><span class='ocrx_word' id='word_1_144' title='bbox 165 3144 250 3188; x_wconf 81' lang='lat' dir='ltr'><strong>ment.</strong></span> <span class='ocrx_word' id='word_1_145' title='bbox 265 3133 297 3188; x_wconf 86' lang='lat' dir='ltr'><strong>ad</strong></span> <span class='ocrx_word' id='word_1_146' title='bbox 314 3139 338 3201; x_wconf 88' lang='grc'><strong>3,</strong></span> <span class='ocrx_word' id='word_1_147' title='bbox 355 3137 428 3204; x_wconf 76' lang='grc'><strong>492.)</strong></span> <span class='ocrx_word' id='word_1_148' title='bbox 442 3133 505 3204; x_wconf 85' lang='lat' dir='ltr'><strong>quin</strong></span> <span class='ocrx_word' id='word_1_149' title='bbox 519 3133 703 3206; x_wconf 80' lang='lat' dir='ltr'><strong>corrigendum</strong></span> <span class='ocrx_word' id='word_1_150' title='bbox 788 3141 844 3190; x_wconf 91' lang='grc'><strong>422.</strong></span> <span class='ocrx_word' id='word_1_151' title='bbox 856 3135 1091 3210; x_wconf 62' lang='lat' dir='ltr'><strong>{snb-mma</strong></span> <span class='ocrx_word' id='word_1_152' title='bbox 1106 3139 1226 3208; x_wconf 72' lang='grc' dir='ltr'>(πῆγμα)</span> <span class='ocrx_word' id='word_1_153' title='bbox 1241 3141 1284 3197; x_wconf 85' lang='grc'><strong>62.</strong></span> 
     </span>
     <span class='ocr_line' id='line_1_24' title="bbox 165 3216 912 3288; baseline 0.005 -18"><span class='ocrx_word' id='word_1_154' title='bbox 165 3216 201 3270; x_wconf 77' lang='lat' dir='ltr'><strong>ait</strong></span> <span class='ocrx_word' id='word_1_155' title='bbox 213 3218 256 3270; x_wconf 80' lang='lat' dir='ltr'><strong>vix</strong></span> <span class='ocrx_word' id='word_1_156' title='bbox 270 3217 370 3272; x_wconf 84' lang='lat' dir='ltr'><strong>dubito.</strong></span> <span class='ocrx_word' id='word_1_157' title='bbox 383 3218 469 3272; x_wconf 60' lang='lat' dir='ltr'><strong>Arcem</strong></span> <span class='ocrx_word' id='word_1_158' title='bbox 483 3229 550 3270; x_wconf 79' lang='lat' dir='ltr'><strong>terte</strong></span> <span class='ocrx_word' id='word_1_159' title='bbox 558 3219 639 3288; x_wconf 75' lang='lat' dir='ltr'><strong>politia</strong></span> <span class='ocrx_word' id='word_1_160' title='bbox 652 3219 703 3272; x_wconf 81' lang='lat' dir='ltr'><strong>diei</strong></span> <span class='ocrx_word' id='word_1_161' title='bbox 753 3224 795 3274; x_wconf 82' lang='grc'><strong>68.</strong></span> <span class='ocrx_word' id='word_1_162' title='bbox 810 3228 852 3274; x_wconf 91' lang='grc'><strong>74.</strong></span> <span class='ocrx_word' id='word_1_163' title='bbox 869 3223 912 3274; x_wconf 88' lang='grc'><strong>72.</strong></span> 
     </span>
    </p>
   </div>
   <div class='ocr_carea' id='block_1_5' title="bbox 164 3301 1287 3460">
    <p class='ocr_par' dir='ltr' id='par_1_21' title="bbox 164 3301 1287 3460">
     <span class='ocr_line' id='line_1_25' title="bbox 167 3301 1187 3374; baseline 0.002 -21"><span class='ocrx_word' id='word_1_164' title='bbox 167 3301 265 3356; x_wconf 85' lang='lat' dir='ltr'><strong>collem</strong></span> <span class='ocrx_word' id='word_1_165' title='bbox 281 3302 541 3368; x_wconf 80' lang='lat' dir='ltr'><strong>editum,noumibi</strong></span> <span class='ocrx_word' id='word_1_166' title='bbox 555 3321 703 3374; x_wconf 62' lang='grc' dir='ltr'><strong>ρει-επακ</strong></span> <span class='ocrx_word' id='word_1_167' title='bbox 789 3306 847 3357; x_wconf 87' lang='grc'><strong>425.</strong></span> <span class='ocrx_word' id='word_1_168' title='bbox 865 3303 928 3354; x_wconf 78' lang='lat' dir='ltr'><strong>alnr&#39;</strong></span> <span class='ocrx_word' id='word_1_169' title='bbox 983 3305 1077 3373; x_wconf 67' lang='lat' dir='ltr'><strong>gaiqu</strong></span> <span class='ocrx_word' id='word_1_170' title='bbox 1091 3306 1132 3355; x_wconf 90' lang='grc'><strong>46.</strong></span> <span class='ocrx_word' id='word_1_171' title='bbox 1144 3305 1187 3356; x_wconf 85' lang='grc'><strong>26.</strong></span> 
     </span>
     <span class='ocr_line' id='line_1_26' title="bbox 164 3321 1287 3460; baseline 0 -19"><span class='ocrx_word' id='word_1_172' title='bbox 164 3387 292 3441; x_wconf 81' lang='lat' dir='ltr'><strong>Platbuer</strong></span> <span class='ocrx_word' id='word_1_173' title='bbox 309 3399 335 3442; x_wconf 83' lang='lat' dir='ltr'><strong>et</strong></span> <span class='ocrx_word' id='word_1_174' title='bbox 354 3387 449 3460; x_wconf 74' lang='lat' dir='ltr'><strong>scalig.</strong></span> <span class='ocrx_word' id='word_1_175' title='bbox 467 3388 500 3443; x_wconf 72' lang='lat' dir='ltr'><strong>sd</strong></span> <span class='ocrx_word' id='word_1_176' title='bbox 522 3391 598 3459; x_wconf 83' lang='lat' dir='ltr'><strong>Prop.</strong></span> <span class='ocrx_word' id='word_1_177' title='bbox 625 3395 658 3452; x_wconf 78' lang='lat'><strong>4,</strong></span> <span class='ocrx_word' id='word_1_178' title='bbox 678 3397 703 3454; x_wconf 89' lang='grc'><strong>4,</strong></span> <span class='ocrx_word' id='word_1_179' title='bbox 789 3391 846 3438; x_wconf 89' lang='grc'><strong>427.</strong></span> <span class='ocrx_word' id='word_1_180' title='bbox 863 3321 984 3438; x_wconf 56' lang='lat' dir='ltr'><strong>Exfflta</strong></span> <span class='ocrx_word' id='word_1_181' title='bbox 991 3387 1066 3439; x_wconf 82' lang='lat' dir='ltr'><strong>XXV</strong></span> <span class='ocrx_word' id='word_1_182' title='bbox 1079 3385 1154 3440; x_wconf 88' lang='lat' dir='ltr'><strong>codd.</strong></span> <span class='ocrx_word' id='word_1_183' title='bbox 1169 3387 1247 3441; x_wconf 75' lang='lat' dir='ltr'><strong>Paris.</strong></span> <span class='ocrx_word' id='word_1_184' title='bbox 1260 3397 1287 3441; x_wconf 81' lang='lat' dir='ltr'><strong>el</strong></span> 
     </span>
    </p>
   </div>
   <div class='ocr_carea' id='block_1_6' title="bbox 167 3463 1288 3528">
    <p class='ocr_par' dir='ltr' id='par_1_22' title="bbox 167 3463 1288 3528">
     <span class='ocr_line' id='line_1_27' title="bbox 167 3463 1288 3528; baseline 0.004 -9"><span class='ocrx_word' id='word_1_185' title='bbox 167 3477 227 3524; x_wconf 75' lang='lat'><strong>⁴25.</strong></span> <span class='ocrx_word' id='word_1_186' title='bbox 242 3472 287 3525; x_wconf 85' lang='lat' dir='ltr'><strong>ubi</strong></span> <span class='ocrx_word' id='word_1_187' title='bbox 305 3473 428 3526; x_wconf 70' lang='lat' dir='ltr'><strong>Passer-at.</strong></span> <span class='ocrx_word' id='word_1_188' title='bbox 445 3489 475 3526; x_wconf 72' lang='lat' dir='ltr'><strong>ex</strong></span> <span class='ocrx_word' id='word_1_189' title='bbox 489 3485 541 3528; x_wconf 71' lang='lat' dir='ltr'><strong>vet.</strong></span> <span class='ocrx_word' id='word_1_190' title='bbox 556 3471 622 3527; x_wconf 74' lang='lat' dir='ltr'><strong>libro</strong></span> <span class='ocrx_word' id='word_1_191' title='bbox 634 3483 703 3526; x_wconf 74' lang='lat' dir='ltr'><strong>recte</strong></span> <span class='ocrx_word' id='word_1_192' title='bbox 754 3471 1008 3522; x_wconf 75' lang='grc'><strong>42,47.20-22.26.</strong></span> <span class='ocrx_word' id='word_1_193' title='bbox 1018 3463 1288 3524; x_wconf 67' lang='lat' dir='ltr'><strong>29.3&#39;3.culttsschol.</strong></span> 
     </span>
    </p>
   </div>
   <div class='ocr_carea' id='block_1_7' title="bbox 65 3552 1290 3628">
    <p class='ocr_par' dir='ltr' id='par_1_23' title="bbox 65 3552 1290 3628">
     <span class='ocr_line' id='line_1_28' title="bbox 65 3552 1290 3628; baseline 0.001 -21"><span class='ocrx_word' id='word_1_194' title='bbox 65 3567 76 3578; x_wconf 74' lang='grc'><strong>“</strong></span> <span class='ocrx_word' id='word_1_195' title='bbox 163 3554 279 3609; x_wconf 78' lang='lat' dir='ltr'><strong>restituit</strong></span> <span class='ocrx_word' id='word_1_196' title='bbox 292 3558 365 3608; x_wconf 74' lang='lat' dir='ltr'><strong>creis.</strong></span> <span class='ocrx_word' id='word_1_197' title='bbox 751 3553 857 3624; x_wconf 82' lang='lat' dir='ltr'><strong>exponit</strong></span> <span class='ocrx_word' id='word_1_198' title='bbox 873 3556 922 3606; x_wconf 83' lang='lat' dir='ltr'><strong>iu=</strong></span> <span class='ocrx_word' id='word_1_199' title='bbox 938 3565 1055 3608; x_wconf 79' lang='lat' dir='ltr'><strong>mortuus</strong></span> <span class='ocrx_word' id='word_1_200' title='bbox 1069 3565 1146 3608; x_wconf 80' lang='lat' dir='ltr'><strong>estet</strong></span> <span class='ocrx_word' id='word_1_201' title='bbox 1160 3552 1290 3628; x_wconf 74' lang='lat' dir='ltr'><strong>dercgno</strong></span> 
     </span>
    </p>
   </div>
   <div class='ocr_carea' id='block_1_8' title="bbox 163 3636 1292 4461">
    <p class='ocr_par' dir='ltr' id='par_1_24' title="bbox 163 3636 1289 3792">
     <span class='ocr_line' id='line_1_29' title="bbox 201 3636 1289 3712; baseline -0.004 -18"><span class='ocrx_word' id='word_1_202' title='bbox 201 3645 260 3694; x_wconf 91' lang='grc'><strong>448.</strong></span> <span class='ocrx_word' id='word_1_203' title='bbox 282 3641 361 3692; x_wconf 76' lang='lat' dir='ltr'><strong>redae</strong></span> <span class='ocrx_word' id='word_1_204' title='bbox 380 3639 469 3712; x_wconf 76' lang='lat' dir='ltr'><strong>scripsi</strong></span> <span class='ocrx_word' id='word_1_205' title='bbox 486 3659 534 3712; x_wconf 83' lang='lat' dir='ltr'><strong>pro</strong></span> <span class='ocrx_word' id='word_1_206' title='bbox 554 3640 655 3694; x_wconf 73' lang='lat' dir='ltr'><strong>rhedae.</strong></span> <span class='ocrx_word' id='word_1_207' title='bbox 675 3658 702 3694; x_wconf 83' lang='lat' dir='ltr'><strong>v.</strong></span> <span class='ocrx_word' id='word_1_208' title='bbox 752 3636 888 3708; x_wconf 66' lang='lat' dir='ltr'><strong>expulsu-⁸5</strong></span> <span class='ocrx_word' id='word_1_209' title='bbox 906 3646 1042 3707; x_wconf 83' lang='lat' dir='ltr'><strong>tamquam</strong></span> <span class='ocrx_word' id='word_1_210' title='bbox 1058 3638 1235 3694; x_wconf 80' lang='lat' dir='ltr'><strong>vaticinantur</strong></span> <span class='ocrx_word' id='word_1_211' title='bbox 1255 3637 1289 3690; x_wconf 79' lang='lat' dir='ltr'><strong>de</strong></span> 
     </span>
     <span class='ocr_line' id='line_1_30' title="bbox 163 3717 1289 3792; baseline 0.005 -23"><span class='ocrx_word' id='word_1_212' title='bbox 163 3717 199 3770; x_wconf 74' lang='lat' dir='ltr'><strong>ad</strong></span> <span class='ocrx_word' id='word_1_213' title='bbox 217 3725 250 3782; x_wconf 84' lang='grc'><strong>3,</strong></span> <span class='ocrx_word' id='word_1_214' title='bbox 268 3723 311 3773; x_wconf 85' lang='grc'><strong>46.</strong></span> <span class='ocrx_word' id='word_1_215' title='bbox 751 3741 779 3774; x_wconf 86' lang='lat' dir='ltr'><strong>re</strong></span> <span class='ocrx_word' id='word_1_216' title='bbox 787 3723 915 3792; x_wconf 83' lang='lat' dir='ltr'><strong>praesenti</strong></span> <span class='ocrx_word' id='word_1_217' title='bbox 927 3721 969 3774; x_wconf 80' lang='lat' dir='ltr'><strong>vel</strong></span> <span class='ocrx_word' id='word_1_218' title='bbox 978 3720 1050 3791; x_wconf 83' lang='lat' dir='ltr'><strong>quasi</strong></span> <span class='ocrx_word' id='word_1_219' title='bbox 1062 3724 1115 3775; x_wconf 87' lang='lat' dir='ltr'><strong>iam</strong></span> <span class='ocrx_word' id='word_1_220' title='bbox 1126 3721 1289 3775; x_wconf 74' lang='lat' dir='ltr'><strong>lacu-At·</strong></span> 
     </span>
    </p>

    <p class='ocr_par' dir='ltr' id='par_1_25' title="bbox 164 3805 1271 4044">
     <span class='ocr_line' id='line_1_31' title="bbox 204 3805 1271 3878; baseline 0.004 -26"><span class='ocrx_word' id='word_1_221' title='bbox 204 3807 261 3856; x_wconf 85' lang='grc'><strong>420.</strong></span> <span class='ocrx_word' id='word_1_222' title='bbox 285 3805 383 3858; x_wconf 76' lang='lat' dir='ltr'><strong>laevam</strong></span> <span class='ocrx_word' id='word_1_223' title='bbox 402 3809 443 3857; x_wconf 88' lang='grc'><strong>46.</strong></span> <span class='ocrx_word' id='word_1_224' title='bbox 464 3807 506 3857; x_wconf 83' lang='grc'><strong>24.</strong></span> <span class='ocrx_word' id='word_1_225' title='bbox 527 3807 569 3856; x_wconf 91' lang='grc'><strong>25.</strong></span> <span class='ocrx_word' id='word_1_226' title='bbox 590 3809 633 3856; x_wconf 90' lang='grc'><strong>27.</strong></span> <span class='ocrx_word' id='word_1_227' title='bbox 658 3807 701 3858; x_wconf 88' lang='grc'><strong>28.</strong></span> <span class='ocrx_word' id='word_1_228' title='bbox 750 3809 863 3876; x_wconf 75' lang='lat' dir='ltr'><strong>miragus</strong></span> <span class='ocrx_word' id='word_1_229' title='bbox 881 3809 921 3859; x_wconf 85' lang='grc'><strong>49.</strong></span> <span class='ocrx_word' id='word_1_230' title='bbox 932 3805 1081 3878; x_wconf 77' lang='lat' dir='ltr'><strong>Argaragua</strong></span> <span class='ocrx_word' id='word_1_231' title='bbox 1093 3810 1122 3858; x_wconf 94' lang='grc'><strong>24</strong></span> <span class='ocrx_word' id='word_1_232' title='bbox 1140 3823 1155 3857; x_wconf 81' lang='lat' dir='ltr'><strong>a</strong></span> <span class='ocrx_word' id='word_1_233' title='bbox 1172 3815 1209 3856; x_wconf 83' lang='lat' dir='ltr'><strong>m.</strong></span> <span class='ocrx_word' id='word_1_234' title='bbox 1221 3821 1271 3856; x_wconf 80' lang='lat' dir='ltr'><strong>aee.</strong></span> 
     </span>
     <span class='ocr_line' id='line_1_32' title="bbox 164 3883 1214 3958; baseline 0.004 -22"><span class='ocrx_word' id='word_1_235' title='bbox 164 3887 276 3937; x_wconf 81' lang='lat'><strong>45—50.</strong></span> <span class='ocrx_word' id='word_1_236' title='bbox 298 3889 412 3938; x_wconf 80' lang='grc'><strong>64-60.</strong></span> <span class='ocrx_word' id='word_1_237' title='bbox 432 3891 474 3938; x_wconf 75' lang='lat' dir='ltr'><strong>tt.</strong></span> <span class='ocrx_word' id='word_1_238' title='bbox 497 3890 539 3938; x_wconf 86' lang='grc'><strong>65.</strong></span> <span class='ocrx_word' id='word_1_239' title='bbox 552 3889 578 3938; x_wconf 85' lang='lat' dir='ltr'><strong>el</strong></span> <span class='ocrx_word' id='word_1_240' title='bbox 595 3883 701 3954; x_wconf 75' lang='lat' dir='ltr'><strong>quidam</strong></span> <span class='ocrx_word' id='word_1_241' title='bbox 786 3896 844 3944; x_wconf 90' lang='grc'><strong>434.</strong></span> <span class='ocrx_word' id='word_1_242' title='bbox 858 3900 920 3941; x_wconf 79' lang='lat' dir='ltr'><strong>trata</strong></span> <span class='ocrx_word' id='word_1_243' title='bbox 932 3889 980 3941; x_wconf 78' lang='lat' dir='ltr'><strong>illa</strong></span> <span class='ocrx_word' id='word_1_244' title='bbox 991 3892 1034 3942; x_wconf 88' lang='grc'><strong>20.</strong></span> <span class='ocrx_word' id='word_1_245' title='bbox 1048 3893 1078 3942; x_wconf 90' lang='grc'><strong>24</strong></span> <span class='ocrx_word' id='word_1_246' title='bbox 1094 3905 1159 3942; x_wconf 78' lang='lat' dir='ltr'><strong>cm.</strong></span> <span class='ocrx_word' id='word_1_247' title='bbox 1172 3905 1214 3958; x_wconf 76' lang='lat' dir='ltr'><strong>pr.</strong></span> 
     </span>
     <span class='ocr_line' id='line_1_33' title="bbox 167 3967 1207 4044; baseline 0.01 -22"><span class='ocrx_word' id='word_1_248' title='bbox 167 3967 243 4022; x_wconf 87' lang='lat' dir='ltr'><strong>codd.</strong></span> <span class='ocrx_word' id='word_1_249' title='bbox 254 3969 334 4022; x_wconf 81' lang='lat' dir='ltr'><strong>Paris.</strong></span> <span class='ocrx_word' id='word_1_250' title='bbox 352 3968 422 4022; x_wconf 85' lang='lat' dir='ltr'><strong>unde</strong></span> <span class='ocrx_word' id='word_1_251' title='bbox 439 3969 523 4039; x_wconf 79' lang='lat' dir='ltr'><strong>recepi</strong></span> <span class='ocrx_word' id='word_1_252' title='bbox 537 3987 585 4041; x_wconf 86' lang='lat' dir='ltr'><strong>pru</strong></span> <span class='ocrx_word' id='word_1_253' title='bbox 597 3969 704 4024; x_wconf 82' lang='lat' dir='ltr'><strong>laevum.</strong></span> <span class='ocrx_word' id='word_1_254' title='bbox 790 3981 848 4027; x_wconf 87' lang='grc'><strong>433.</strong></span> <span class='ocrx_word' id='word_1_255' title='bbox 860 3978 962 4044; x_wconf 76' lang='lat' dir='ltr'><strong>patinae</strong></span> <span class='ocrx_word' id='word_1_256' title='bbox 972 3987 1078 4044; x_wconf 76' lang='lat' dir='ltr'><strong>mgnus</strong></span> <span class='ocrx_word' id='word_1_257' title='bbox 1095 3979 1136 4026; x_wconf 87' lang='grc'><strong>44.</strong></span> <span class='ocrx_word' id='word_1_258' title='bbox 1204 4025 1207 4032; x_wconf 92' lang='grc'><strong>.</strong></span> 
     </span>
    </p>

    <p class='ocr_par' dir='ltr' id='par_1_26' title="bbox 167 4052 1292 4461">
     <span class='ocr_line' id='line_1_34' title="bbox 205 4052 1290 4127; baseline 0.006 -25"><span class='ocrx_word' id='word_1_259' title='bbox 205 4056 264 4103; x_wconf 93' lang='grc'><strong>424.</strong></span> <span class='ocrx_word' id='word_1_260' title='bbox 275 4052 501 4122; x_wconf 75' lang='lat' dir='ltr'><strong>Beluaprobellun</strong></span> <span class='ocrx_word' id='word_1_261' title='bbox 514 4057 624 4105; x_wconf 88' lang='grc'><strong>24-25.</strong></span> <span class='ocrx_word' id='word_1_262' title='bbox 638 4057 705 4106; x_wconf 90' lang='grc'><strong>27-</strong></span> <span class='ocrx_word' id='word_1_263' title='bbox 791 4063 848 4110; x_wconf 83' lang='grc'><strong>434.</strong></span> <span class='ocrx_word' id='word_1_264' title='bbox 863 4061 927 4109; x_wconf 78' lang='lat' dir='ltr'><strong>cives</strong></span> <span class='ocrx_word' id='word_1_265' title='bbox 940 4075 987 4127; x_wconf 84' lang='lat' dir='ltr'><strong>pro</strong></span> <span class='ocrx_word' id='word_1_266' title='bbox 1002 4058 1073 4107; x_wconf 80' lang='lat' dir='ltr'><strong>eitius</strong></span> <span class='ocrx_word' id='word_1_267' title='bbox 1092 4059 1135 4108; x_wconf 83' lang='lat'><strong>22.</strong></span> <span class='ocrx_word' id='word_1_268' title='bbox 1157 4055 1290 4125; x_wconf 65' lang='lat' dir='ltr'><strong>musaque</strong></span> 
     </span>
     <span class='ocr_line' id='line_1_35' title="bbox 167 4135 1291 4210; baseline 0.001 -22"><span class='ocrx_word' id='word_1_269' title='bbox 167 4143 212 4189; x_wconf 79' lang='lat'><strong>45.</strong></span> <span class='ocrx_word' id='word_1_270' title='bbox 227 4143 268 4189; x_wconf 83' lang='grc'><strong>47.</strong></span> <span class='ocrx_word' id='word_1_271' title='bbox 289 4143 329 4189; x_wconf 88' lang='grc'><strong>56.</strong></span> <span class='ocrx_word' id='word_1_272' title='bbox 352 4141 390 4190; x_wconf 84' lang='grc'><strong>59.</strong></span> <span class='ocrx_word' id='word_1_273' title='bbox 411 4139 454 4190; x_wconf 83' lang='grc'><strong>60.</strong></span> <span class='ocrx_word' id='word_1_274' title='bbox 475 4143 517 4189; x_wconf 88' lang='grc'><strong>65.</strong></span> <span class='ocrx_word' id='word_1_275' title='bbox 542 4155 622 4208; x_wconf 82' lang='lat' dir='ltr'><strong>quam</strong></span> <span class='ocrx_word' id='word_1_276' title='bbox 640 4135 702 4188; x_wconf 83' lang='lat' dir='ltr'><strong>seri·</strong></span> <span class='ocrx_word' id='word_1_277' title='bbox 755 4139 919 4192; x_wconf 74' lang='lat' dir='ltr'><strong>Prometheus</strong></span> <span class='ocrx_word' id='word_1_278' title='bbox 946 4139 1080 4210; x_wconf 70' lang='lat' dir='ltr'><strong>Argilium</strong></span> <span class='ocrx_word' id='word_1_279' title='bbox 1107 4151 1180 4210; x_wconf 80' lang='lat' dir='ltr'><strong>atque</strong></span> <span class='ocrx_word' id='word_1_280' title='bbox 1206 4151 1291 4190; x_wconf 74' lang='lat' dir='ltr'><strong>rutum</strong></span> 
     </span>
     <span class='ocr_line' id='line_1_36' title="bbox 167 4219 1288 4293; baseline -0.001 -21"><span class='ocrx_word' id='word_1_281' title='bbox 167 4233 274 4288; x_wconf 77' lang='lat' dir='ltr'><strong>pturam</strong></span> <span class='ocrx_word' id='word_1_282' title='bbox 293 4220 409 4280; x_wconf 79' lang='lat' dir='ltr'><strong>servari,</strong></span> <span class='ocrx_word' id='word_1_283' title='bbox 438 4220 499 4288; x_wconf 84' lang='lat' dir='ltr'><strong>quia</strong></span> <span class='ocrx_word' id='word_1_284' title='bbox 525 4219 553 4271; x_wconf 90' lang='lat' dir='ltr'><strong>in</strong></span> <span class='ocrx_word' id='word_1_285' title='bbox 572 4221 705 4289; x_wconf 79' lang='lat' dir='ltr'><strong>antiquiss.</strong></span> <span class='ocrx_word' id='word_1_286' title='bbox 756 4225 826 4274; x_wconf 69' lang='lat' dir='ltr'><strong>cirus</strong></span> <span class='ocrx_word' id='word_1_287' title='bbox 841 4242 973 4293; x_wconf 73' lang='lat' dir='ltr'><strong>properare</strong></span> <span class='ocrx_word' id='word_1_288' title='bbox 991 4223 1123 4292; x_wconf 73' lang='lat' dir='ltr'><strong>ingeniosa</strong></span> <span class='ocrx_word' id='word_1_289' title='bbox 1142 4231 1180 4274; x_wconf 79' lang='lat' dir='ltr'><strong>ert</strong></span> <span class='ocrx_word' id='word_1_290' title='bbox 1200 4219 1288 4272; x_wconf 83' lang='lat' dir='ltr'><strong>conie-</strong></span> 
     </span>
     <span class='ocr_line' id='line_1_37' title="bbox 167 4299 1291 4374; baseline 0.004 -20"><span class='ocrx_word' id='word_1_291' title='bbox 167 4299 329 4358; x_wconf 72' lang='lat' dir='ltr'><strong>membruuis</strong></span> <span class='ocrx_word' id='word_1_292' title='bbox 351 4304 427 4358; x_wconf 84' lang='lat' dir='ltr'><strong>obvia</strong></span> <span class='ocrx_word' id='word_1_293' title='bbox 445 4316 498 4372; x_wconf 81' lang='lat' dir='ltr'><strong>est,</strong></span> <span class='ocrx_word' id='word_1_294' title='bbox 524 4305 570 4357; x_wconf 81' lang='lat' dir='ltr'><strong>etsi</strong></span> <span class='ocrx_word' id='word_1_295' title='bbox 595 4304 704 4374; x_wconf 85' lang='lat' dir='ltr'><strong>improb.</strong></span> <span class='ocrx_word' id='word_1_296' title='bbox 757 4319 827 4359; x_wconf 79' lang='lat' dir='ltr'><strong>cturs</strong></span> <span class='ocrx_word' id='word_1_297' title='bbox 847 4306 1291 4360; x_wconf 79' lang='lat' dir='ltr'><strong>Ill.Com.C.A.Fr.dcllanrau.</strong></span> 
     </span>
     <span class='ocr_line' id='line_1_38' title="bbox 168 4387 1292 4461; baseline 0.004 -25"><span class='ocrx_word' id='word_1_298' title='bbox 168 4387 261 4440; x_wconf 80' lang='lat' dir='ltr'><strong>cellar.</strong></span> <span class='ocrx_word' id='word_1_299' title='bbox 280 4389 396 4460; x_wconf 74' lang='lat' dir='ltr'><strong>orthogr.</strong></span> <span class='ocrx_word' id='word_1_300' title='bbox 410 4387 453 4441; x_wconf 81' lang='lat' dir='ltr'><strong>lat.</strong></span> <span class='ocrx_word' id='word_1_301' title='bbox 463 4392 494 4440; x_wconf 89' lang='lat' dir='ltr'><strong>T.</strong></span> <span class='ocrx_word' id='word_1_302' title='bbox 513 4399 534 4441; x_wconf 92' lang='grc'><strong>4.</strong></span> <span class='ocrx_word' id='word_1_303' title='bbox 550 4408 575 4458; x_wconf 86' lang='lat' dir='ltr'><strong>p.</strong></span> <span class='ocrx_word' id='word_1_304' title='bbox 590 4394 648 4442; x_wconf 88' lang='grc'><strong>488.</strong></span> <span class='ocrx_word' id='word_1_305' title='bbox 663 4389 706 4442; x_wconf 86' lang='lat' dir='ltr'><strong>ed.</strong></span> <span class='ocrx_word' id='word_1_306' title='bbox 793 4394 849 4442; x_wconf 84' lang='grc'><strong>435.</strong></span> <span class='ocrx_word' id='word_1_307' title='bbox 874 4391 924 4440; x_wconf 83' lang='lat' dir='ltr'><strong>iam</strong></span> <span class='ocrx_word' id='word_1_308' title='bbox 937 4389 1035 4461; x_wconf 75' lang='lat' dir='ltr'><strong>figuli,</strong></span> <span class='ocrx_word' id='word_1_309' title='bbox 1055 4387 1147 4442; x_wconf 80' lang='lat' dir='ltr'><strong>Cacsar</strong></span> <span class='ocrx_word' id='word_1_310' title='bbox 1172 4393 1292 4443; x_wconf 77' lang='lat' dir='ltr'><strong>26.-sa·-</strong></span> 
     </span>
    </p>
   </div>
   <div class='ocr_carea' id='block_1_9' title="bbox 173 4472 919 4547">
    <p class='ocr_par' dir='ltr' id='par_1_27' title="bbox 173 4472 919 4547">
     <span class='ocr_line' id='line_1_39' title="bbox 173 4472 919 4547; baseline 0.001 -21"><span class='ocrx_word' id='word_1_311' title='bbox 173 4472 270 4530; x_wconf 75' lang='lat' dir='ltr'><strong>tin-lea.</strong></span> <span class='ocrx_word' id='word_1_312' title='bbox 280 4493 433 4547; x_wconf 60' lang='lat' dir='ltr'><strong>-fmgnam</strong></span> <span class='ocrx_word' id='word_1_313' title='bbox 443 4478 623 4532; x_wconf 67' lang='lat' dir='ltr'><strong>‹lt-iactatae</strong></span> <span class='ocrx_word' id='word_1_314' title='bbox 637 4479 678 4530; x_wconf 93' lang='grc'><strong>24.</strong></span> <span class='ocrx_word' id='word_1_315' title='bbox 757 4487 863 4544; x_wconf 65' lang='lat' dir='ltr'><strong>quantu</strong></span> <span class='ocrx_word' id='word_1_316' title='bbox 881 4479 919 4528; x_wconf 86' lang='grc'><strong>46.</strong></span> 
     </span>
    </p>
   </div>
   <div class='ocr_carea' id='block_1_10' title="bbox 0 0 1560 5494">
    <p class='ocr_par' dir='ltr' id='par_1_28' title="bbox 0 0 1560 5494">
     <span class='ocr_line' id='line_1_40' title="bbox 0 0 1560 5494; baseline 0 0"><span class='ocrx_word' id='word_1_317' title='bbox 0 0 1560 5494; x_wconf 95' lang='lat' dir='ltr'><strong> </strong></span> 
     </span>
    </p>
   </div>
  </div>
 </body>
</html>
