3108 5494
185 319 344 438 ‚34

732 349 967 424 tvvltNtttt

278 555 353 631 Tot
370 549 559 648 bellorum
577 552 743 642 animae,
764 553 910 652 quoties
929 547 1122 628 hinctalis
1144 547 1192 626 ad
1208 550 1297 630 illos

277 671 421 770 Vmbra
437 672 567 748 venit?
587 672 779 774 Cuperent
798 668 973 761 lustrari,
992 669 1021 744 si
1043 696 1118 770 qua
1137 667 1321 747 darentur

278 788 473 894 Sulphura
491 813 576 862 cum
595 785 712 862 taedis
728 804 770 861 et
788 789 817 864 si
835 785 935 864 foret
950 785 1105 860 humida
1124 784 1267 864 laurus.

278 907 375 982 Illuc
391 908 492 980 heu!
517 907 640 982 miseri
664 904 906 980 traducimur.
934 905 1047 978 Arma
1068 902 1223 1004 quidem
1244 903 1345 982 ultra

278 1026 408 1100 Litora
425 1025 609 1098 Iuvernae
628 1025 905 1126 promovimus,
925 1037 963 1094 et
984 1019 1096 1094 modo
1116 1037 1243 1125 captas
1348 1023 1400 1078 ⁴⁶⁰

278 1141 443 1220 Orcadas
464 1167 507 1214 ac
526 1142 679 1214 minima
699 1156 898 1214 contentos
918 1155 1030 1213 nocte
1048 1140 1269 1217 Britannos:

277 1258 353 1334 Sed
372 1285 470 1362 quae
490 1283 595 1334 nuno
613 1255 749 1362 populi
768 1256 866 1333 fiunt
884 1257 1035 1334 victoris
1054 1257 1095 1330 in
1116 1255 1236 1348 urbe,

313 1608 504 1680 nasutum
515 1611 609 1663 26.60.
624 1613 665 1662 65.
679 1616 704 1660 et
721 1608 813 1680 optimi

226 1755 230 1763 ¹
278 1693 354 1748 codd.
379 1695 459 1748 Paris.
483 1691 553 1745 unde
580 1693 646 1746 banc
661 1683 813 1762 scripturam

277 1775 379 1848 vulgari
405 1777 500 1852 sulfura
527 1776 647 1830 substitui
667 1795 727 1830 cum
748 1777 812 1830 Ach.

276 1865 378 1934 sulpura
395 1874 448 1916 tres
463 1861 538 1915 codd.
552 1862 630 1915 Paris.
646 1872 672 1914 et
684 1861 720 1915 sic
730 1864 813 1933 sulpur

277 1945 522 1999 uribtrurinvatie.
531 1946 587 1998 eud.
599 1945 671 2016 Virg.
682 1957 710 2000 ut
722 1951 810 1998 trium·

278 2050 323 2100 pua
337 2041 362 2083 et
376 2029 425 2083 alia
445 2029 575 2083 eiusmodi
595 2029 733 2096 vocabula,
750 2029 810 2100 qui·

276 2112 339 2179 bus,
354 2114 472 2168 convicio
490 2117 592 2170 aurium
604 2115 752 2186 flagitante,
769 2113 813 2166 ad·

277 2197 446 2268 spirationum
476 2198 562 2251 datam
590 2215 645 2251 esse
669 2199 743 2250 docet
759 2197 812 2250 Cic.

278 2281 355 2347 Orat..
377 2300 400 2334 c.
418 2284 580 2336 48.-εεενείδεε
600 2288 643 2335 24.
663 2291 692 2334 ut
711 2300 811 2344 runem,

276 2377 411 2439 unractara,
423 2382 519 2416 anterus
532 2374 557 2416 et
569 2363 600 2417 al.
615 2363 651 2416 in.
667 2374 729 2416 antt.
737 2363 813 2417 codd.

311 2451 411 2501 lustrari
422 2450 545 2520 sulphure,
554 2450 634 2502 raedis
648 2458 672 2502 et
685 2449 756 2501 lauro
767 2489 773 2512 ,
784 2459 814 2501 ut

276 2553 315 2602 ap.
339 2535 449 2585 'Luciam
475 2536 587 2603 Νεκνομ.
606 2553 628 2588 c.
650 2554 674 2602 9.
694 2530 708 2587 ὁ
731 2534 813 2604 μάγος

277 2614 346 2688 δᾷδα
357 2617 494 2686 καιομένην
506 2617 575 2688 ἔχων
587 2656 593 2678 ,
608 2627 634 2670 et
650 2635 673 2670 c.
688 2625 711 2669 7.
723 2619 812 2690 περιή-

275 2699 350 2770 γνίσέ
361 2719 392 2769 με
406 2698 467 2771 δᾳδὶ
484 2703 529 2754 καὶ
550 2701 638 2781 σκίλλῃ
664 2701 709 2754 καὶ
729 2698 813 2762 ἄλλοις

275 2783 399 2848 πλείοσιν,
413 2786 453 2855 (α
474 2789 498 2835 9.
520 2781 599 2854 ἱερεῖα
616 2783 660 2837 καὶ
672 2785 811 2855 μελίκρατοι

276 2867 321 2920 οιαὶ
335 2863 417 2930 ἄλλοι,
431 2865 479 2920 ὅσα
490 2867 552 2941 πρὸς
565 2868 612 2924 τὴν
626 2868 727 2924 τιλιτὴν
743 2871 812 2942 χρή-

275 2954 373 3019 σιμοι),
399 2949 454 3022 ἅμα
469 2950 512 3004 καὶ
528 2949 573 3008 τὴν
591 2948 692 3021 ι’πῳδὴν
713 2951 810 3008 ἐκείνην

275 3035 491 3107 ὑποτονθορύσας
510 3029 564 3089 εἶτα
576 3036 633 3090 ὅλον
652 3029 682 3105 Ιμε
696 3055 811 3108 καταμα-

274 3120 368 3189 γεὺσας
393 3121 436 3173 κοιλ
456 3120 607 3195 περιελθὼν,
633 3120 674 3174 ἵνα
691 3121 725 3192 pi.
741 3121 807 3191 βλα-

276 3201 385 3271 πτοίμην
400 3201 449 3256 ὑπὸ
466 3207 517 3260 τῶν
531 3204 734 3274 φαντασμάτων,
749 3223 810 3257 nam

274 3285 363 3338 taedae
378 3283 478 3356 aliaque
493 3289 609 3339 remedia
622 3288 720 3358 magica
739 3287 808 3341 sere·

273 3364 371 3418 bantur
383 3369 449 3419 circa
466 3367 629 3432 lustrandas,
643 3379 674 3422 ut
685 3369 713 3421 hi
725 3369 756 3422 ab
774 3370 811 3424 in·

273 3469 351 3502 curru
362 3449 494 3503 malorum
508 3452 645 3523 geniorum
663 3453 713 3506 tuti
733 3473 806 3524 prue-

273 3543 403 3585 atarentur
422 3533 507 3603 (quud
535 3533 568 3587 ad
586 3553 688 3588 sacrum
706 3538 808 3590 ambar-

272 3616 332 3670 vale
347 3629 372 3670 et
384 3617 542 3672 amburbiale
561 3619 715 3674 translatum
731 3621 805 3674 vide-

276 3709 346 3770 tur),
368 3703 436 3757 unda
450 3705 652 3781 περιδρχισθοει,
673 3707 807 3778 περιάγειν

273 3795 298 3838 ε4
315 3794 485 3859 περιενεγκεῖν
500 3788 527 3840 in
545 3787 745 3842 lustrationibus.

310 3875 367 3922 459.
385 3872 446 3923 Illic
459 3871 505 3938 (in
526 3872 634 3942 inseris)
654 3878 696 3927 24.
714 3879 756 3928 22.
775 3879 806 3927 23

272 3972 288 4004 a
301 3971 338 4004 tn.
351 3971 389 4022 pr.
408 3963 434 4006 et
447 3955 504 4007 MS.
517 3955 658 4023 Scriverit,
679 3957 750 4027 prob.
775 3961 807 4010 H.

864 1607 906 1657 26.
921 1605 1032 1658 45-47.
1045 1607 1087 1657 49.
1109 1607 1150 1658 60.
1164 1608 1209 1658 64.
1229 1605 1334 1660 66-58.
1363 1611 1397 1660 60

843 1681 938 1740 Ι--69.
957 1692 1068 1742 74-74.
1091 1699 1116 1742 et
1135 1707 1227 1756 omnus
1248 1689 1303 1741 sere
1322 1688 1399 1742 codd.

863 1771 945 1825 Paris.
958 1771 985 1824 ld
999 1775 1095 1843 recepit
1112 1774 1176 1826 Ach.
1193 1785 1292 1828 mutata
1310 1783 1399 1826 tamen

864 1853 1027 1909 distinctione
1049 1868 1075 1910 et
1095 1855 1223 1928 lection05
1245 1860 1312 1912 Illuc
1331 1859 1395 1911 taut

863 1949 948 1997 miseri
960 1948 1120 2000 traducimur.
1134 1948 1216 2002 Arma
1228 1951 1290 2020 quid
1299 1948 1398 2000 ultra-

864 2029 1013 2099 Britannos5
1036 2029 1082 2093 St,
1105 2051 1168 2102 quaa
1182 2051 1243 2085 nuuc
1252 2051 1280 2102 p.
1287 2034 1318 2104 s
1332 2052 1355 2084 ν.
1369 2034 1397 2082 in

863 2115 934 2179 arte,
944 2111 1118 2186 Nonjuuuu
1137 2117 1177 2168 illi
1194 2135 1253 2188 quor
1269 2118 1396 2168 vicimus?

863 2197 915 2250 sed
928 2199 988 2250 illuc
1005 2199 1093 2252 verbis
1105 2219 1173 2270 seqq.
1187 2199 1279 2268 arctim
1289 2200 1397 2270 iungen-

863 2279 927 2331 dum
939 2291 991 2347 eat,
1003 2291 1031 2336 et
1048 2281 1077 2334 St'
1090 2302 1114 2336 v.
1129 2289 1183 2336 462.
1198 2285 1225 2335 iu
1239 2280 1310 2344 nullo
1328 2279 1395 2352 legi·

864 2370 908 2416 tur
920 2363 985 2417 libro
1002 2367 1058 2418 sive
1073 2365 1166 2436 scripto
1182 2365 1238 2420 sive
1251 2365 1328 2418 odito.

899 2453 956 2500 460.
970 2448 1069 2501 Lictora
1086 2449 1203 2502 scribunt
1214 2448 1267 2504 alii.
1283 2452 1324 2501 De
1340 2449 1391 2500 ori-

863 2531 922 2600 giue
947 2549 976 2584 uc
992 2531 1094 2602 propria
1114 2533 1140 2588 vi
1160 2533 1230 2587 vocis
1250 2553 1278 2587 v.
1294 2532 1397 2588 Ernesti

863 2612 894 2666 ud
909 2617 982 2669 Suet.
996 2617 1055 2670 Tib.
1072 2636 1093 2670 c.
1112 2619 1309 2670 ⁴lib-quentate
1319 2636 1393 2671 revo-

863 2700 986 2754 caviat.
1000 2709 1024 2756 3.
1052 2709 1075 2756 5.
1101 2707 1140 2756 40.
1164 2711 1204 2758 44.
1223 2711 1263 2758 45.
1286 2712 1328 2759 47.
1352 2710 1395 2759 26.

862 2787 905 2835 24.
919 2788 1029 2838 23-25.
1044 2791 1086 2840 27.
1100 2793 1209 2884 45-ὁ4.
1236 2794 1344 2842 54-69.
1363 2797 1391 2842 ll

862 2870 1113 2922 -74.76-84.14ε
1130 2882 1257 2941 scriptum
1277 2891 1317 2942 ορ.
1333 2871 1398 2927 Met.

863 2957 887 3010 3.
902 2958 926 3004 6.
941 2962 965 3004 et
984 2951 1092 3008 Ptolem.
1111 2956 1138 3008 iu
1150 2957 1206 3010 cod.
1222 2959 1302 3011 Palat.
1320 2959 1393 3012 Ιονσ-

862 3038 965 3106 νερνίας
983 3056 1045 3090 nam
1059 3039 1087 3091 in
1098 3039 1208 3112 vulgatis
1219 3039 1290 3097 libris
1303 3042 1398 3116 legitur

861 3123 1022 3192 Ιονιρνία,ιεῑ
1034 3143 1073 3194 ap.
1085 3125 1223 3196 Agathem.
1233 3134 1259 3192 2,
1275 3135 1299 3182 8.
1312 3129 1396 3182 lutu-

861 3217 947 3258 naet.
972 3214 1012 3260 46.
1030 3213 1073 3262 26.
1094 3218 1134 3265 744.
1155 3217 1197 3266 75.
1225 3219 1267 3266 76.
1287 3220 1329 3267 77.
1355 3220 1396 3270 82.

860 3290 950 3359 probb.
972 3292 1098 3348 Schurzil.
1124 3305 1150 3349 et
1174 3297 1249 3351 Beck.
1279 3299 1323 3368 qui
1348 3300 1397 3354 boc

860 3393 970 3438 nornen,
1002 3378 1089 3434 addito
1119 3379 1214 3452 duplici
1237 3382 1396 3454 digammate

860 3459 1089 3532 (FIFEPNH),
1106 3465 1220 3517 effictum
1243 3478 1335 3536 putant
1363 3489 1395 3522 ex

859 3543 906 3596 Gr.
931 3543 1018 3619 λε’ρνη,
1048 3565 1099 3616 quo
1123 3548 1264 3602 Hiberniae
1287 3556 1396 3607 nomine

859 3637 969 3680 utuntur
984 3629 1093 3684 Aristot.
1115 3631 1148 3684 de
1165 3634 1280 3702 mundo,
1302 3637 1396 3692 Strabo

859 3707 904 3766 lib.
925 3713 955 3764 11.
973 3722 998 3765 et
1018 3717 1063 3768 IV.
1088 3714 1221 3771 Claudiam
1238 3738 1309 3774 cons.
1324 3723 1394 3777 Ηοεε.

859 3801 883 3861 4,
892 3801 933 3848 33.
946 3809 972 3851 et
984 3796 1053 3852 laud.
1062 3799 1147 3854 Stilic.
1159 3807 1184 3867 2,
1198 3808 1256 3858 252.
1272 3805 1394 3861 luvet-uae

859 3885 898 3932 53.
911 3879 942 3934 V
939 3881 1089 3936 thermut.
1098 3884 1266 3956 Hyverm22.
1275 3887 1303 3940 iu
1310 3905 1392 3962 marg.

859 3963 994 4018 Hiberniae
1006 3973 1047 4020 49.
1064 3967 1178 4022 Larem
1190 3974 1232 4022 22.

272 4035 358 4088 Valet.
372 4039 441 4089 Tum
453 4037 564 4092 marimo
576 4038 807 4110 distinctloponen·
894 4056 951 4102 464.
973 4051 1107 4104 Aratum
1126 4057 1167 4107 45.
1200 4053 1334 4109 Orabadas
1352 4065 1393 4116 to.

275 4117 308 4170 da
321 4131 376 4186 post
390 4123 543 4176 traducimur
560 4125 704 4177 etverbum
717 4124 766 4178 hoc
777 4145 808 4202 σο
861 4139 901 4186 47.
918 4141 1024 4188 49-24.
1040 4142 1081 4190 49.
1101 4141 1143 4192 60.
1165 4144 1206 4194 65.
1221 4139 1273 4193 Sed
1285 4141 1314 4193 in
1327 4145 1391 4212 opti.

271 4219 348 4260 sensu
372 4207 538 4274 capiendum.
560 4207 592 4260 de
614 4227 666 4279 quo
692 4208 746 4261 diri
772 4209 804 4265 ad
856 4217 1066 4290 mirexemplarr.
1081 4225 1319 4294 scriptorumltom.
1337 4225 1389 4282 Or·

270 4287 341 4339 vltt.
356 4295 394 4342 47.
404 4291 455 4342 Sed
467 4311 492 4346 v.
506 4295 728 4352 Corum-Arma
744 4297 805 4367 quid
855 4303 928 4359 rades
944 4314 969 4358 et
987 4306 1077 4362 Graec.
1096 4305 1210 4388 Ορνιάδες
1226 4305 1391 4373 dicuntum

271 4374 530 4441 altrat-Britannos?
553 4383 578 4440 2.
602 4380 628 4441 3.
649 4387 672 4447 t·
696 4387 736 4446 40.
763 4389 803 4446 tt.
854 4397 878 4449 rt
889 4405 938 4467 pro
950 4407 980 4451 σο
1000 4393 1039 4450 tt.
1053 4395 1094 4467 744.
