3120 5494
326 381 419 477 360

809 408 943 467 reustt

324 619 402 690 For
419 599 549 704 es,.ait
567 605 852 685 Pedio.'Pedius
871 603 996 708 quid?
1017 607 1172 678 erimina
1191 605 1281 679 rasis

325 732 456 806 Librat
472 732 513 802 in
533 727 735 802 antithetis.
754 723 884 798 docem
904 721 1072 825 posuisse
1086 719 1224 822 »figuras

309 825 529 920 ¹Laudatur.
542 841 685 918 bellum
699 838 879 914 hocnhoc
901 835 1063 911 bellum?
1082 863 1130 908 an
1141 821 1450 910 Romuleeeves?

324 964 425 1037 Men'
442 971 592 1034 moreat
620 959 785 1062 quippe,
805 971 868 1045 et,
887 969 1015 1027 cantet
1032 956 1063 1029 si
1082 951 1309 1054 naufragus,
1328 977 1450 1026 assem

326 1077 582 1154 Protulerim?
598 1093 738 1164 cantas,
756 1099 875 1175 quum
895 1071 1016 1144 fracta
1031 1087 1068 1144 te
1088 1073 1128 1143 in
1148 1071 1254 1142 trabe
1275 1073 1420 1172 pictum

326 1197 384 1270 Ex
403 1195 560 1268 humero
579 1200 720 1296 portes.
740 1215 892 1275 verum,
911 1211 982 1259 neo
1003 1203 1116 1286 nocte
1136 1203 1310 1290 paratum
1414 1219 1450 1268 90

1411 642 1451 690 85

327 1310 521 1400 Plorabit,
542 1311 609 1411 qui
628 1335 687 1382 me
709 1305 809 1380 volet
828 1305 1042 1380 incurvasse
1062 1300 1232 1404 querela.

362 1467 470 1518 85—9t.
501 1463 581 1516 Venit
607 1462 662 1515 ianr
688 1461 721 1514 ad
748 1459 861 1512 nimiam

327 1549 469 1620 oportum
482 1564 574 1607 usum,
592 1545 635 1614 qui
649 1553 730 1598 artem
743 1543 858 1605 redolet,

329 1634 405 1683 euius
420 1631 483 1682 artis
500 1629 608 1699 suspicio
621 1627 663 1681 vel
678 1629 786 1682 maxime
799 1639 859 1680 orn·

328 1713 427 1770 toribm
440 1712 563 1784 fugienda
576 1724 623 1765 est.
653 1711 703 1764 Vel
717 1729 777 1764 reus
790 1713 842 1765 iam
849 1717 861 1773 ,¹

329 1797 428 1866 inquit,
446 1795 479 1849 ad
497 1797 596 1850 crimen
617 1797 643 1848 in
657 1795 751 1848 iudicio
763 1797 831 1864 turpi
847 1813 861 1847 a

331 1895 359 1932 so
369 1879 558 1932 removendum
570 1896 623 1931 non
635 1879 795 1950 argumentis
806 1877 860 1930 uti·

330 1973 384 2027 tur,
394 1963 437 2016 sed
450 1961 589 2032 puerilibus
597 1961 759 2032 eloquentiae
768 1961 865 2016 artibus

330 2065 405 2101 sums
419 2045 533 2100 iudicum
546 2046 695 2100 demulcens
705 2047 856 2102 absolvitur.

368 2135 410 2184 85.
431 2130 483 2184 Fur
501 2149 543 2194 ea,
568 2133 605 2182 ar't
632 2130 725 2183 Pedio.
755 2131 864 2182 Pedium

333 2231 422 2267 causae
433 2223 584 2284 patronum,
598 2216 641 2284 qui
651 2214 752 2268 clientis
760 2233 863 2267 causam

334 2311 364 2352 ut
376 2317 449 2352 suam
463 2298 542 2352 soleat
551 2299 634 2364 tueri,
648 2315 707 2352 cum
716 2300 865 2354 Casaubono

333 2399 387 2434 non
408 2381 539 2454 intelligo,
565 2383 610 2435 aed
635 2399 707 2435 reum
731 2401 792 2435 eum
813 2392 865 2436 esse

334 2470 404 2529 puto.
419 2461 514 2515 Pedius
529 2463 609 2532 quid?
631 2481 665 2514 ac.
683 2461 747 2516 dicit
762 2473 866 2532 contra,

336 2561 386 2611 qua
399 2547 500 2596 ratione
517 2555 546 2597 se·
553 2543 689 2596 defendit?

369 2633 411 2681 86.
427 2629 518 2693 librat,
538 2630 556 2681 i.
568 2647 591 2681 e.
602 2627 725 2698 ponderis
740 2629 800 2699 quid
818 2631 863 2682 baa

336 2707 413 2760 beant
421 2708 615 2762 criminationes
628 2711 641 2776 (
648 2713 769 2776 cristina)
780 2713 867 2782 exqui·

335 2789 385 2854 rit,
398 2791 515 2844 aestimet
527 2797 553 2843 in
562 2793 686 2844 adalreus
694 2795 765 2856 raris,
778 2793 867 2863 liguris

338 2873 472 2939 orationis,
488 2873 581 2940 quibus
592 2878 720 2927 contraria
734 2875 868 2928 contrariis
885 2874 888 2886 '

336 2955 511 3024 obponentes.
527 2963 603 3021 rusia,
614 2955 739 3026 expolitis.
757 2958 869 3010 Pertinet

337 3037 444 3108 quidem
463 3038 526 3092 haer
545 3041 628 3112 ligura
647 3040 819 3094 adornatum
843 3051 869 3094 et

337 3120 438 3174 cultum
452 3123 589 3188 orationis,
608 3123 686 3176 nimia
706 3135 794 3179 autern
813 3127 865 3178 sre-

339 3215 448 3277 quenter
469 3217 602 3276 usurpata,
621 3217 649 3259 ut
668 3225 760 3262 ornnes
780 3209 868 3264 huiua-

338 3289 411 3342 modi
432 3288 553 3355 deliciae,
581 3308 703 3344 nauseam
724 3304 828 3361 movet,
844 3306 870 3349 et

340 3369 440 3441 puerile
465 3377 600 3444 ingenium
628 3376 738 3429 auctoris
764 3377 870 3432 indicat.

340 3457 381 3509 De
396 3456 533 3512 Rhetorica
554 3461 636 3513 locata
650 3461 762 3530 lepidum
776 3461 871 3534 legitur

911 1465 948 1510 est
964 1455 1102 1509 cinaedum
1116 1473 1203 1526 agere.

946 1543 1055 1592 ott—9⁴.
1069 1541 1184 1603 Sensus,
1202 1538 1248 1611 qui
1268 1537 1309 1590 bis
1331 1537 1450 1591 versibus

911 1621 1075 1686 continetur,
1093 1622 1135 1674 bic
1148 1633 1201 1677 nst:
1220 1623 1304 1675 Dolor
1315 1640 1393 1674 νοτυς
1407 1639 1450 1672 me

913 1713 1018 1767 moret,
1034 1723 1085 1756 non
1103 1707 1186 1758 lictus.
1202 1705 1283 1758 Dolor
1299 1723 1376 1758 verus
1387 1723 1450 1755 onr-

913 1805 976 1840 nem
988 1799 1109 1841 ornatum
1121 1789 1244 1842 citationis
1254 1828 1262 1852 ,
1274 1805 1379 1842 omnem
1393 1805 1448 1839 ver-

914 1872 1008 1926 borum
1020 1891 1158 1944 pompam,
1173 1873 1277 1938 omnia,
1294 1891 1358 1944 quae
1367 1883 1447 1927 artem

914 1955 1045 2022 redolent,
1065 1959 1177 2028 respuit,
1195 1967 1221 2011 et
1238 1957 1355 2010 defensio
1368 1957 1447 2010 alieu-

914 2040 1026 2102 introi,
1052 2059 1104 2092 non
1123 2043 1205 2094 firmis
1224 2039 1382 2116 arpmrrentia
1403 2040 1448 2093 sed

914 2117 1049 2174 rhetoricis
1075 2117 1178 2192 ineptiis
1195 2121 1322 2187 nonalia,
1345 2131 1449 2174 tantum

914 2203 1000 2268 abest,
1017 2216 1046 2257 nt
1063 2205 1268 2258 inisericordiam
1285 2223 1370 2258 meam
1381 2206 1450 2258 exai-

915 2299 967 2355 tet‚
991 2299 1021 2341 ut
1042 2307 1147 2342 sensum
1173 2293 1259 2361 potius
1283 2291 1339 2342 eius
1361 2301 1451 2343 contra

915 2389 1023 2426 omnem
1064 2375 1253 2443 turpitudinem
1293 2374 1448 2427 obduratum

916 2457 1018 2526 prodat.
1042 2455 1114 2510 Illius
1138 2458 1219 2511 oratio
1244 2459 1379 2512 ambitiosa
1395 2477 1449 2512 non
1512 2488 1515 2493 ·

917 2541 1001 2612 magis
1018 2559 1061 2594 me
1082 2543 1272 2608 summovebit,
1284 2547 1363 2614 quam
1382 2561 1447 2594 nau-

916 2624 1004 2694 fragus
1015 2643 1058 2677 me
1069 2625 1192 2688 adducet,
1210 2637 1240 2680 ut
1249 2643 1279 2680 eo
1292 2629 1362 2697 ipso,
1379 2627 1452 2698 qrrod

917 2719 1014 2768 cantat,
1032 2727 1114 2761 assem
1132 2709 1180 2780 ipsi
1200 2712 1337 2780 porrigam.

951 2787 992 2841 88.
1009 2791 1082 2842 Μαί
1092 2795 1211 2842 moveat?
1228 2790 1281 2844 scil.
1296 2792 1452 2860 naufragus.

918 2879 1005 2944 quippe
1018 2893 1063 2942 per
1074 2875 1194 2928 ironiam.
1272 2895 1274 2902 ¹

953 2963 994 3010 89.
1011 2970 1110 3022 naritus,
1124 2977 1197 3028 paon
1210 2971 1257 3012 ret.
1272 2958 1381 3030 Vulgari
1394 2979 1454 3012 ora·

918 3039 988 3091 tione
1005 3043 1041 3093 sic
1058 3052 1144 3094 essent
1157 3042 1300 3095 efferenda:
1323 3045 1402 3095 Erras
1417 3044 1455 3094 mi

919 3123 999 3175 homo
1010 3141 1090 3186 ,non
1108 3127 1238 3193 proferam
1262 3143 1357 3193 assem;
1374 3143 1455 3188 nam,

920 3205 989 3277 quod
1008 3217 1108 3271 canus,
1127 3207 1227 3278 signum
1243 3193 1299 3270 est,
1319 3219 1344 3260 te
1358 3214 1454 3278 pictum

920 3291 960 3356 (in
978 3291 1026 3344 hoe
1038 3291 1118 3344 verbo
1126 3293 1258 3362 emphasis
1266 3293 1340 3359 latet)
1351 3304 1455 3344 tantum

920 3375 948 3425 in
962 3375 1042 3428 fracta
1054 3393 1120 3426 nave
1132 3393 1202 3443 esse,
1216 3376 1233 3429 i.
1246 3395 1268 3428 e.
1282 3375 1456 3428 calamitatem

920 3467 993 3510 tuam
1020 3475 1075 3510 esse
1099 3456 1245 3511 similatam.
1276 3459 1375 3512 Notum
1401 3471 1457 3522 est,

246 3639 249 3670 l
339 3635 395 3678 sato
408 3629 441 3680 T.
453 3629 485 3680 ll.
502 3645 556 3697 cap.
573 3635 614 3680 3¹.
629 3628 670 3681 ed.
688 3629 756 3680 Reiz.

340 3539 491 3610 phantasma
502 3545 569 3614 apud
581 3544 687 3597 Lucian.
702 3543 728 3596 in
741 3543 782 3597 Bis
792 3545 868 3598 adm·
921 3541 1059 3612 naul'ragos
1077 3544 1171 3611 pictam
1186 3541 1213 3594 in
1231 3541 1325 3595 tabella
1349 3555 1455 3612 tempe·

921 3637 1013 3680 statem
1028 3645 1087 3681 rum
1101 3647 1166 3680 nare
1185 3628 1265 3680 sraela
1286 3628 1456 3680 circumferre

375 3713 415 3763 8⁷.
436 3710 526 3762 bellum
555 3711 616 3778 boe,
643 3731 692 3766 vox
722 3711 873 3766 admirantis
923 3708 1010 3765 oblitos
1028 3731 1097 3772 esse,
1115 3731 1194 3781 eaque
1215 3711 1456 3766 nobriosadsti—

340 3787 496 3862 plebeculae.
508 3793 555 3846 boe
563 3797 872 3868 bedamtcumindigna·
922 3813 983 3867 pem
1000 3795 1047 3849 sibi
1070 3797 1225 3866 erogandam
1245 3795 1390 3866 impellere.
1411 3800 1455 3850 ln-

201 3878 204 3886 '
253 3945 255 3948 Ι
340 3877 412 3930 tione
428 3878 528 3933 Persius
538 3881 676 3952 interrogat
688 3881 779 3934 eadem
794 3883 872 3936 verba
923 3879 1006 3932 veoal.
1016 3881 1087 3948 XIV,
1102 3884 1152 3934 3⁰0
1165 3899 1233 3949 seqq.
1246 3881 1303 3947 Qua
1316 3892 1454 3933 eonsuetu-

342 3971 468 4031 repetem.
489 3983 523 4016 an
535 3963 639 4017 Romule
655 3971 743 4019 cerea?
765 3969 873 4035 Summa
923 3963 984 4015 diue
1004 3963 1083 4014 etiam
1106 3962 1217 4028 multos,
1241 3963 1287 4035 qui
1312 3981 1458 4033 numquam

344 4061 405 4097 cum
428 4045 569 4100 acrimonia
586 4049 642 4102 hoc.
663 4051 706 4101 Tu
728 4067 742 4102 a
762 4049 873 4104 Romulo
924 4048 1088 4118 naufragium
1105 4047 1240 4113 fecissent,
1257 4047 1289 4100 ad
1309 4047 1457 4100 misericor·

343 4127 466 4198 oriundo,
490 4131 536 4201 qui
562 4133 717 4187 eonomine
740 4143 873 4205 tantopere
924 4132 996 4185 diam
1011 4131 1458 4198 liominumcommovendam,abrr·

342 4209 475 4281 gloriaris,
492 4215 525 4268 ad
542 4215 607 4288 banc
628 4215 808 4288 indignitatem
823 4219 869 4271 de·
924 4235 965 4270 eos
976 4216 1067 4278 fuisse,
1086 4215 1218 4284 probabile
1231 4227 1278 4270 eat.

344 4295 452 4366 rauseis,
472 4310 501 4360 ut
515 4318 544 4353 ea
558 4303 663 4371 probes,
680 4321 746 4373 quae
767 4303 875 4358 cinaedo
958 4305 999 4354 90.
1022 4309 1064 4354 9⁴.
1080 4319 1175 4366 verum,
1195 4321 1239 4354 ner
1254 4315 1325 4354 noete
1341 4315 1456 4372 paremve

343 4388 445 4435 tantum
460 4383 555 4454 possint
565 4383 690 4456 plaeere?
707 4407 791 4442 arsere
803 4391 875 4444 enim
926 4386 1050 4440 Plorndr'r.
1071 4396 1142 4441 traete
1156 4399 1271 4456 paratura
1284 4395 1322 4439 est
1333 4385 1456 4438 lucubra-
