3028 5492
420 433 653 502 enarravit
687 433 971 500 nivaasoavn
1181 404 1259 510 ¹lai

124 631 212 700 nouis
236 637 385 718 primum
406 638 594 722 grammatici
615 647 645 702 et
668 639 812 722 Verginii
842 639 915 700 Ruti
940 637 1093 720 rhetoris,
1115 642 1155 706 ab
1175 665 1259 712 anno

124 748 211 799 antem
237 736 354 798 aetatis
388 735 617 798 decimosexto
647 737 761 800 Annaei
793 737 922 798 Cornuti
948 738 1121 824 philosophi
1142 743 1252 819 Stoici,

128 833 197 896 cuins
217 829 320 894 lateri
343 832 482 894 adhaesit
505 841 662 915 perpetuo.
688 834 758 896 Fuit
783 832 983 895 verecundiae
1011 837 1167 918 virginalis
1206 841 1258 913 (si

130 929 266 992 Suetonio
293 927 345 989 vel
368 928 484 990 auctori
506 928 584 990 vitae
605 929 670 991 eius
692 929 766 990 fides
789 927 949 1002 habenda)
970 934 1081 994 mentis
1094 953 1258 1014 generosae

130 1039 152 1088 et
167 1025 201 1084 ad
223 1026 429 1087 severitatem
451 1027 629 1108 pronioris,
651 1045 772 1088 morum
787 1029 1065 1104 sanctissimorum,
1080 1032 1132 1092 uui
1143 1053 1257 1116 aequus

130 1121 222 1183 uirtuti
248 1130 283 1182 et
309 1129 452 1182 constans
472 1122 615 1184 vitiorum
640 1120 819 1195 hostis,sed
842 1121 958 1184 felicior
978 1124 1057 1186 forte
1077 1124 1213 1188 Zenonis
1227 1139 1258 1190 et

128 1217 311 1298 Chrysippi,
335 1238 429 1298 quarn
443 1215 553 1277 Lucilii
568 1226 598 1278 et
611 1216 731 1278 Horatii
748 1217 892 1290 imitator,
912 1217 1027 1280 Satirae
1042 1220 1106 1282 eius
1126 1243 1209 1295 non,
1225 1233 1258 1286 nt

125 1307 337 1389 horatianae,
357 1335 430 1374 mox
450 1313 480 1373 in
502 1310 609 1394 vulgus
629 1313 819 1388 edebantur,
840 1311 892 1374 sed
913 1315 1048 1397 singulae
1069 1317 1176 1380 amicis
1189 1328 1256 1380 tan-

121 1417 199 1481 tum,
226 1410 350 1492 quibus
370 1409 476 1471 eadem
499 1419 566 1470 erat
587 1431 671 1472 mens
692 1419 723 1470 et
743 1409 782 1471 de
801 1427 933 1492 quornm
958 1411 1018 1474 lide
1040 1413 1097 1494 ipsi
1127 1427 1257 1476 consta·

119 1505 186 1580 bnt,
218 1506 389 1580 Cornuto,
417 1507 525 1580 Basso,
556 1504 656 1568 Plotio
683 1507 822 1568 Macrino
854 1515 884 1567 et
914 1506 998 1580 aliis,
1028 1509 1258 1574 innotescebant

119 1611 148 1662 et
166 1623 283 1664 omnes
306 1623 343 1663 eo
364 1600 487 1663 demum
517 1611 638 1662 uiurtuo
657 1601 913 1681 divulgabantur,
944 1625 1035 1686 qnam
1067 1605 1109 1666 ob
1136 1625 1255 1670 causam

120 1697 214 1760 libere
235 1707 362 1782 poterat
381 1700 536 1768 scribere,
558 1697 705 1779 quidquid
726 1698 896 1779 indignatio
924 1699 1065 1761 dictaret.
1106 1702 1257 1765 luvenalis

122 1795 216 1872 nulli,
237 1805 272 1856 ut
294 1795 462 1867 Horatius,
481 1794 733 1878 pbilosophorum
751 1805 848 1856 sectae
871 1795 929 1868 luit
949 1796 1108 1872 addictus,
1127 1819 1185 1860 nee
1207 1801 1254 1860 in·

125 1892 218 1954 ferior
251 1891 378 1974 ingenio
408 1912 442 1952 ac
468 1890 608 1973 superior
634 1892 738 1950 forsan
771 1891 920 1975 exquisita
947 1912 1051 1954 rerum
1081 1895 1256 1976 cognitione

125 1999 210 2071 atque
231 1987 399 2060 doctrina,
415 1984 468 2046 sed
483 1986 637 2048 affectator
652 2007 882 2069 nonnumquam
898 1988 987 2058 artis,
1006 2011 1096 2072 quam
1111 1990 1165 2053 diu
1179 1992 1256 2054 dili-

127 2093 297 2168 genterqne
320 2083 352 2142 in
380 2081 539 2142 rhetorum
569 2080 679 2142 subolis
706 2092 895 2144 exercuerat.
936 2083 1022 2146 ldem
1050 2106 1113 2146 non
1139 2088 1258 2150 funesta

126 2190 243 2240 tantum
267 2179 313 2241 rei
344 2177 485 2260 publicae
507 2187 645 2259 tempora
667 2177 761 2252 vidit,
790 2178 843 2240 sed
864 2179 964 2242 felicia
985 2201 1127 2265 quoque,
1146 2185 1257 2267 quibus

127 2299 161 2338 ea
180 2299 218 2338 ex
242 2275 393 2337 diuturno
414 2275 499 2357 quasi
520 2275 629 2336 morbo
654 2295 671 2334 a
693 2275 879 2356 Vespasiano
901 2280 1035 2359 primum
1056 2299 1090 2340 ac
1110 2279 1204 2356 Tite,
1224 2294 1260 2346 et

133 2373 241 2434 deinde
261 2393 278 2432 a
299 2373 422 2446 Nerva,
444 2369 577 2455 Trojano
598 2380 628 2432 et
641 2369 815 2454 Hadriano,
833 2372 979 2434 remediis
993 2371 1147 2435 interdum
1161 2375 1256 2438 rebe-

134 2468 328 2530 mentioribus
349 2477 505 2540 recreata,
526 2467 668 2528 omnibus
690 2467 753 2528 fere
768 2469 906 2549 partibus
920 2469 1075 2530 convaluit
1087 2494 1094 2530 ε
1107 2469 1189 2531 unde
1202 2492 1256 2532 sa-

133 2566 205 2625 tiras
222 2585 367 2647 qunque,
389 2586 462 2646 quas
483 2564 600 2624 invenis
620 2563 782 2645 scripserat
805 2572 835 2624 et
855 2564 906 2624 diu
929 2585 969 2624 ne
990 2564 1111 2625 modico
1131 2566 1256 2646 quidem

127 2661 275 2721 auditorio
296 2661 489 2721 committere
503 2680 591 2720 ausus
612 2667 697 2732 erut,
713 2669 779 2718 tum
802 2659 834 2720 iu
849 2659 960 2742 vulgus
976 2669 1040 2722 tuto
1062 2659 1171 2737 edere,
1192 2672 1257 2724 tum

126 2756 248 2841 politius
267 2757 378 2819 limare
400 2755 506 2839 potnit.
864 2813 873 2830 ‚

163 2855 211 2914 Ex
235 2853 302 2929 bis,
324 2874 401 2937 qnae
421 2853 460 2916 de
491 2852 706 2937 temporibus,
740 2851 888 2935 ingeniis,
922 2851 1027 2916 studiis
1056 2852 1254 2938 moribusque

122 2951 265 3024 Horatii,
287 2951 383 3013 Persii
405 2960 435 3012 et
455 2951 604 3012 luvenalis
624 2950 776 3026 diximus,
792 2950 880 3011 facile
898 2951 945 3012 vel
966 2950 1069 3032 colligi
1091 2949 1139 3012 vel
1154 2951 1256 3034 expli-

121 3048 186 3108 cari
207 3057 338 3129 possunt
352 3046 478 3110 virtutes
502 3057 533 3108 et
552 3048 624 3108 vitia
645 3069 752 3110 eorum
766 3057 830 3108 tarn
847 3049 1020 3109 communia
1034 3067 1145 3130 ,quarn
1160 3046 1256 3108 cuiuis

119 3145 272 3226 propria,
296 3165 374 3226 qnae
395 3165 480 3204 nuuc
500 3141 605 3204 eudem
620 3144 766 3206 brevitate
787 3144 1022 3205 recensebimus.
1113 3179 1117 3188 -

161 3241 354 3301 Triumviris
374 3239 498 3322 quidem
525 3241 585 3302 illis
610 3241 771 3301 consilium
793 3261 958 3302 commune
972 3249 1038 3301 erat
1057 3260 1128 3300 cum
1149 3239 1256 3300 omni·-

118 3333 180 3395 bus
202 3335 305 3418 poetis
324 3335 473 3397 satiricis:
504 3345 535 3396 et
554 3335 666 3397 docere
689 3345 720 3396 et
744 3335 894 3397 delectare
916 3357 1074 3419 moresque
1096 3336 1257 3397 hominum

118 3441 278 3515 tamquam
310 3434 342 3492 in
375 3434 457 3516 picta
488 3431 590 3493 tabula
619 3432 823 3508 adumbrare,
849 3431 901 3494 sed
929 3435 1011 3494 varia
1041 3433 1180 3509 ratione,
1201 3455 1257 3514 pro

1 3520 2 3558 ³
118 3537 301 3611 temporum
324 3529 577 3612 ingeniorumque
598 3527 789 3604 diversitate,
817 3531 1017 3590 conabantur.
1039 3532 1116 3594 Num
1131 3531 1258 3610 Augusti

121 3633 247 3698 aetate,
268 3625 359 3686 rebus
381 3625 479 3685 adhuc
496 3625 581 3686 laetis
601 3635 630 3686 et
653 3625 782 3706 imperio
803 3626 983 3707 legibusque
1004 3626 1192 3706 vigentibus,
1209 3625 1257 3684 ri-

122 3721 199 3782 dere
211 3719 341 3793 licebat;
362 3721 493 3782 Neronis
508 3743 581 3782 vero
595 3731 625 3782 et
641 3723 807 3782 Domitiani
824 3721 1032 3803 temporibus,
1044 3742 1139 3805 quum
1154 3721 1257 3780 omnia

11 3858 13 3871 ·
121 3837 247 3898 pessum
270 3817 371 3892 irent,
394 3817 523 3899 vitiaque
545 3819 576 3878 in
602 3818 762 3901 praecipiti
788 3819 846 3878 iam
873 3827 989 3879 starent
1014 3825 1044 3878 et
1063 3815 1186 3877 acribus
1206 3827 1258 3882 unt

13 3939 14 3947 ¹
124 3911 271 3976 violentis
292 3924 419 3996 egerent
450 3913 595 3976 remediis
628 3921 678 3987 (a.
701 3911 836 3976 luvenal.
856 3913 887 3988 l,
908 3913 948 3988 45
969 3933 1031 3995 seq.
1057 3913 1096 3974 63
1127 3933 1190 3996 seq·
1216 3911 1256 3992 73

123 4029 193 4091 seq.
218 4013 274 4094 147
296 4032 356 4094 seq.
379 4011 430 4084 lt,
448 4013 486 4073 25
508 4033 570 4094 seq.
596 4033 647 4070 rar
673 4031 735 4094 seq.
763 4013 818 4070 152
840 4029 902 4090 seq.
925 4009 990 4084 lll,
1019 4010 1075 4072 150
1095 4019 1179 4093 seq.)
1195 4010 1258 4070 risu

124 4130 233 4190 parum
255 4109 498 4191 proficiebntur,
520 4117 550 4168 et
571 4107 662 4188 probi
682 4107 884 4190 sapientisque
906 4107 1037 4167 bominis
1059 4126 1145 4168 mens
1165 4127 1259 4188 ange-

123 4203 219 4264 batur
240 4188 363 4278 dolore,
387 4206 438 4287 qui
460 4203 512 4266 diu
534 4201 655 4286 alteque
674 4223 793 4286 pressus
815 4203 852 4264 ad
873 4202 1118 4285 indignationem
1135 4212 1164 4264 et
1180 4203 1258 4262 iram

125 4297 351 4360 exardescebat.
372 4299 533 4362 Praeterea
554 4297 674 4358 Horatii
694 4299 852 4379 ingenium
866 4297 1158 4382 elegantissimorum
1171 4296 1259 4381 prin·

125 4395 298 4479 cipumque
320 4395 457 4458 virorum
489 4396 694 4457 familiaritate
714 4395 892 4470 subactum,
916 4396 955 4456 ad
979 4394 1159 4456 hilaritatem
1184 4413 1258 4475 pro-

123 4493 251 4576 pensius
265 4500 350 4574 erat,
370 4513 460 4576 quam
482 4491 521 4556 ad
543 4492 732 4577 gravitatem.
753 4491 842 4558 Idem
856 4491 979 4578 quoqhe
998 4491 1168 4557 censoriam
1180 4489 1258 4553 forte
