2994 5486
300 383 406 476 xciv
783 413 920 472 mnnx

297 611 383 679 llilril
402 611 435 673 in
455 605 493 674 iia
512 619 580 684 sat,
599 606 683 691 quod
702 616 753 672 aut
772 607 879 671 tollere
907 606 1001 684 aelia,
1024 615 1076 669 aut
1095 625 1158 668 non
1178 625 1218 672 cx
1237 605 1302 670 aliia
1322 607 1412 675 libais

295 711 357 772 iam
378 715 516 768 notatum
534 704 581 766 sit.

337 813 453 879 Eodem
474 832 554 872 anno
572 811 647 890 ¹474
666 810 779 872 llomae
798 806 831 870 in
852 807 960 890 vulgus
979 805 1147 892 prodierea

337 911 449 994 Angett
467 908 574 970 Sebini
594 909 754 968 Turrensis
770 905 939 984 paradoxo
964 907 998 966 tn
1019 905 1201 978 Iuvenalem,
1219 905 1335 967 Romae
1353 929 1413 989 per

296 1008 451 1088 Angelum
471 1001 592 1064 Suclsel
609 1001 650 1062 de
672 1000 853 1062 Reiclaerrlul
872 1013 901 1061 et
930 1001 1069 1065 Barttot.
1091 1001 1203 1062 Golacl
1222 999 1263 1062 de
1282 1003 1416 1064 flonen-

290 1103 364 1182 ,am
390 1101 522 1162 coram
1256 1095 1415 1176 fol-1⁴74

297 1206 328 1259 et
342 1195 431 1280 paulo
451 1202 538 1277 post:

339 1291 470 1360 Domitii
497 1285 658 1348 Caldus-ini
690 1283 741 1359 (al.
772 1281 926 1346 Dominici
959 1281 998 1346 da
1023 1281 1180 1359 Caldariis)
1225 1285 1411 1346 Veronensis

258 1389 259 1401 ¹
300 1383 527 1446 commentaria
546 1381 580 1440 in
593 1379 746 1442 Iuvenalis
765 1378 911 1460 Sumus,
934 1379 1047 1440 Roman
1248 1378 1302 1440 fol.
1319 1379 1413 1458 1474.

338 1493 379 1556 ili
399 1489 553 1553 duumviri
571 1489 658 1551 fuero
683 1485 794 1570 primi,
818 1487 871 1570 qui
896 1485 1141 1549 commentarios
1156 1487 1190 1547 iu
1215 1487 1407 1562 iuvenalem,

298 1589 325 1652 ai
346 1607 408 1647 non
422 1583 604 1658 scriberent,
625 1592 707 1644 certe
722 1583 889 1664 vulgarent.
908 1580 1153 1644 Commentarius
1175 1583 1304 1644 Domitii
1317 1581 1411 1664 longe

299 1681 422 1767 quidem
444 1687 573 1762 praestat
593 1697 649 1753 eo,
668 1697 760 1758 quem
780 1675 910 1764 Sabinus
929 1675 1099 1758 composuit
1121 1673 1264 1748 (undeet
1283 1677 1333 1736 bic
1346 1675 1412 1736 iera

299 1796 470 1858 nusquam,
492 1772 543 1834 ille
564 1793 635 1834 mox
654 1774 744 1835 variis
764 1775 837 1836 looia
857 1795 979 1836 recusus
1004 1781 1048 1834 est
1067 1773 1256 1854 maximoque
1276 1771 1414 1834 eruditae

297 1873 399 1936 ltaliae
413 1869 519 1954 plausu
539 1877 705 1951 exceptus);
725 1867 779 1930 aed
798 1869 908 1951 ineptia
927 1875 1020 1930 scatet
1033 1867 1207 1940 erroribus,
1222 1867 1413 1950 etymologiis

299 1978 331 2030 ct
351 1965 483 2048 argutiis.
511 1963 635 2044 Saepius
655 1963 686 2024 in
707 1983 743 2026 eo
757 1971 787 2024 et
806 1985 821 2023 a
860 1965 914 2026 rba
928 1963 1110 2025 refelluntur
1125 1962 1283 2035 Tortellii,
1306 1963 1414 2024 Sabini

299 2056 490 2139 aliorumque
510 2057 746 2140 explicationes,
765 1985 982 2120 neczeliorea
1002 2057 1235 2121 substituuntur.
1255 2057 1331 2120 lnde
1351 2057 1415 2120 col·

298 2153 389 2236 ligas,
406 2153 466 2214 iam
487 2161 551 2212 tum
572 2153 716 2235 temporis
737 2153 848 2215 multos
867 2154 1029 2228 exstitisse,
1050 2153 1104 2239 qui
1124 2151 1296 2214 Iuvenalem
1311 2152 1412 2215 inter·
1489 2175 1491 2240 j

299 2247 413 2334 pretori
442 2255 639 2324 conarentur,
672 2247 756 2330 quod
787 2257 818 2309 ct
839 2249 990 2310 Domitius
1010 2247 1041 2308 in
1063 2246 1252 2324 dedicatione
1272 2245 1343 2308 libri
1362 2248 1411 2310 sui
1490 2251 1492 2304 ὲ

298 2341 404 2405 docet:
432 2341 491 2405 niai
523 2341 616 2404 verba
644 2341 709 2403 cius
742 2343 930 2426 potissimum
959 2343 998 2405 ad
1025 2342 1144 2406 Glossaa
1165 2341 1412 2404 membranarum
1491 2329 1493 2376 Ῑ

298 2447 457 2524 spectant,
488 2431 633 2524 aquibus
662 2445 727 2500 tum
753 2437 821 2513 ille,
854 2449 918 2500 tum
941 2438 1142 2500 Mancinellus
1162 2447 1193 2501 et
1220 2437 1412 2502 Britannicus

299 2533 394 2596 multa
416 2533 505 2596 tacite
528 2533 678 2616 descripta
697 2533 730 2594 in
752 2555 816 2595 rem
837 2555 921 2596 suam
941 2541 1176 2612 converterunt3
1197 2533 1277 2616 quod
1299 2554 1337 2596 ax
1357 2555 1415 2594 usn

300 2638 330 2691 et
343 2629 472 2691 lectione
491 2649 596 2691 earum
615 2629 753 2710 cognovi.
778 2630 927 2712 Corrupta
946 2629 1038 2692 lectio
1057 2651 1145 2714 saepe
1164 2629 1297 2711 argutias
1316 2649 1415 2712 pepe·

301 2725 364 2801 rit,
384 2725 440 2787 etsi
460 2724 613 2786 Domitius
633 2725 693 2786 iam
715 2746 783 2786 usus
803 2735 847 2787 est
867 2725 1023 2789 codicibus
1043 2725 1180 2808 scriptis,
1209 2745 1343 2809 quorum
1365 2736 1416 2786 ta-

301 2841 372 2882 men
387 2837 487 2902 nequa
507 2823 689 2896 numerum,
711 2839 809 2904 neque
829 2821 963 2883 indolem
975 2821 1148 2884 declararit.

340 2928 473 2988 Domitii
492 2925 913 2992 calderim-Commentario
931 2931 965 2993 in
984 2925 1311 2992 iuvenalem-Brixiae
1331 2933 1416 3013 {rpis

301 3023 428 3085 Hernici
446 3021 487 3083 de
506 3023 637 3084 Colonia
1243 3025 1298 3086 tot.
1323 3027 1415 3108 1475.

340 3127 489 3188 *Veneta
507 3127 548 3187 lt.
570 3126 625 3202 (in
648 3127 724 3190 Var.
745 3130 828 3192 Leot.
848 3153 880 3192 u.
903 3131 965 3208 46.)
986 3133 1140 3194 iuvenalis
1165 3151 1234 3192 cum
1253 3146 1417 3194 comment.

301 3222 570 3284 Dom.Culrlerini
596 3230 674 3296 (uon
699 3225 755 3286 Ge.
776 3226 931 3301 Merulae,
954 3228 1038 3311 qnod
1068 3227 1149 3290 Socii
1179 3227 1335 3310 llipontiui
1356 3237 1417 3288 tra·

301 3319 398 3392 dunt)
413 3317 546 3380 Venetiis
566 3329 630 3381 arte
649 3328 680 3380 et
699 3319 821 3404 ingenio
840 3323 900 3384 lac.
923 3321 961 3404 dp
976 3322 1089 3384 liubeis
1246 3323 1300 3384 iol.
1326 3323 1416 3406 1475.

345 3425 427 3485 Haeo
447 3431 493 3486 eat
512 3425 609 3506 prima
629 3423 722 3487 editio
742 3427 892 3490 iuvenalis
911 3449 981 3489 cum
1007 3429 1127 3490 Cornan.
1147 3428 1277 3490 Domitii
1297 3425 1416 3487 Calde·

301 3517 383 3593 rini,
401 3537 439 3580 ex
458 3540 518 3602 qua
544 3517 733 3582 hauddubie
758 3536 939 3608 propagatae
962 3533 1034 3584 sunt
1055 3522 1185 3584 Venetae
1210 3523 1296 3597 1481.
1324 3524 1415 3600 1482.

300 3617 390 3678 binae
414 3617 500 3692 1483.
517 3617 602 3690 1485.
621 3618 706 3700 1487.
719 3627 750 3680 st
763 3619 907 3682 Vincunt.
926 3623 1014 3696 aldo.
1027 3641 1104 3703 quae
1117 3630 1148 3682 et
1162 3630 1280 3700 praeter
1294 3629 1415 3680 textum

301 3710 408 3772 eadem
428 3711 606 3786 continent,
624 3712 677 3774 aed
696 3713 728 3774 io
749 3723 836 3776 textu
855 3723 956 3776 tamen
973 3717 1079 3795 passim
1098 3714 1218 3788 rabilia,
1240 3713 1416 3798 etquidem

301 3805 376 3870 aliae
389 3805 455 3867 aliia
479 3803 572 3880 locis,
595 3805 788 3890 discrepant,
809 3810 891 3897 quod
910 3830 948 3872 ex
966 3810 1041 3871 Vnr.
1062 3811 1145 3872 Lect.
1165 3808 1361 3892 intelligetur.

342 3909 401 3956 ***
411 3912 451 3972 D.
471 3912 539 3974 tan.
560 3913 710 3976 tuvemtis
727 3927 757 3977 et
775 3917 852 3978 Auli
874 3919 972 3980 Persii
991 3917 1095 3980 Flacci
1108 3917 1172 3980 Sat.
1184 3926 1227 3992 (a.
1249 3915 1415 3992 Catalogue

302 4004 342 4068 de
361 4005 389 4067 la
411 4004 567 4083 Valliere).
1235 4012 1290 4074 fot.
1304 4011 1415 4092 (1475)

343 4101 574 4166 uernam·
604 4105 645 4168 ιι.
664 4107 817 4172 rumam
837 4121 864 4170 a
889 4109 987 4171 reso
1009 4108 1337 4190 costae-menorans
1358 4127 1416 4191 per·

303 4195 535 4260 AntZarotum
555 4199 755 4274 Parmensena
1246 4203 1300 4265 inl.
1327 4205 1414 4286 1476·

346 4303 399 4368 Eli
417 4305 544 4390 mpatita
557 4306 652 4374 aditio
672 4329 699 4374 a.
725 4309 809 4394 ¹474·
829 4331 907 4396 qaae
927 4311 957 4376 in
979 4311 1117 4397 catalogo
1137 4313 1303 4378 editionum
1318 4312 1417 4376 Persii
