3108 5494
314 367 379 496 48
767 397 996 466 mussans

312 605 531 690 Translatus
550 603 676 688 subito
696 606 743 685 ad
769 609 914 686 Marsos
932 635 1175 718 mensemque
1194 607 1384 693 Sabellam

311 731 598 834 contentusque
617 726 696 802 illic
715 743 853 805 veneto
872 727 1051 834 duroque
1071 729 1231 809 culullo.
1396 733 1446 789 ⁴⁷⁰

362 851 453 923 Pers
471 873 607 951 magna
621 843 751 921 Italiae
771 863 848 937 est,
865 847 895 924 si
905 871 1036 924 verum
1055 847 1297 944 admittimus,
1317 855 1358 932 in
1369 885 1448 962 qua

315 967 433 1042 Nemo
451 981 577 1067 togam
597 967 731 1055 sumit,
749 966 821 1038 nisi
840 981 1025 1040 mortuus.
1052 967 1138 1070 Ipsa
1158 967 1307 1046 dierum

315 1088 512 1161 Festos-um
530 1073 694 1162 herboso
715 1081 855 1160 colitur
874 1081 1079 1189 siquando
1099 1085 1250 1164 theatro

275 1232 279 1242 ·
316 1202 514 1292 Maiestas,
533 1199 762 1304 tandemque
781 1199 881 1276 redit
899 1199 948 1275 ad
968 1199 1116 1306 pulpita
1136 1221 1270 1280 notum

308 1321 527 1410 'Exodium,
546 1345 664 1420 quum
682 1343 869 1423 personae
889 1315 1068 1422 pallentis
1088 1319 1231 1396 hiatum
1397 1361 1447 1414 ,75

316 1443 361 1514 In
382 1439 525 1543 gremio
544 1439 673 1511 matris
692 1435 873 1512 formidat
890 1438 1052 1512 rusticus
1072 1437 1219 1529 inlans3

316 1555 504 1662 Aequales
523 1554 672 1629 habitus
693 1553 771 1632 illic
792 1553 1006 1658 similesque
1025 1555 1168 1632 videbis

317 1675 558 1750 Orchestram
578 1688 616 1746 et
635 1671 845 1779 populum:
866 1669 959 1746 clari
977 1671 1149 1749 velamen
1169 1673 1344 1766 honoris,

317 1793 516 1868 Sufficiunt
534 1791 686 1866 tunicae
707 1792 857 1865 summis
877 1787 1072 1866 Aedilibus
1093 1789 1213 1867 albae.

317 1909 388 1983 Hic
401 1907 503 1983 ultra
522 1911 619 1998 vires
638 1907 788 1982 habitus
806 1908 932 1982 nitor:
952 1907 1014 1982 hic
1031 1905 1178 2011 aliquid
1197 1907 1305 2016 plus,
1403 1943 1452 1996 ,00

318 2028 440 2122 Quam
461 2027 548 2102 satis
562 2041 641 2116 est,
661 2021 852 2099 interdum
874 2021 998 2098 aliena
1016 2028 1178 2102 sumitur
1196 2052 1294 2102 arca.

319 2145 527 2220 Commune
547 2142 588 2218 id
607 2145 737 2222 vitium
759 2159 838 2218 est:
864 2142 1100 2231 hicuivimus
1118 2143 1310 2220 ambitiosa

318 2266 546 2368 Paupertate
574 2287 714 2337 omnes.
742 2259 844 2356 Quid
862 2275 900 2335 te
918 2263 1078 2337 moror?
1097 2267 1222 2339 omnia
1240 2266 1381 2338 Romae

320 2383 413 2456 Cum
431 2382 568 2484 pretio.
594 2377 696 2474 Quid
714 2377 798 2471 dus,
815 2395 858 2453 ut
875 2379 1030 2455 Cossum
1051 2377 1256 2484 aliquando
1274 2377 1449 2456 salutes?

309 2501 374 2571 ·Vt
396 2515 433 2572 te
456 2499 634 2603 respiciat
653 2496 783 2573 clauso
802 2499 966 2573 Veiento
985 2495 1157 2574 labello?
1402 2533 1451 2586 ης

322 2613 393 2690 Ille
412 2617 520 2691 metit
538 2614 717 2710 barbam,
737 2618 882 2692 crinem
900 2616 962 2691 hic
981 2615 1141 2722 deponit
1158 2614 1280 2692 amati.

320 2731 439 2808 Plena
456 2729 589 2810 domus
607 2733 693 2810 libis
708 2733 914 2812 venalibus.
941 2736 1106 2842 Accipe,
1127 2752 1164 2808 et
1184 2731 1286 2809 istud

321 2987 378 3022 earn
387 2969 421 3022 ob
431 2985 536 3023 esnmm
548 2985 601 3022 nou
611 2965 771 3022 sollicitanda
783 2966 861 3022 lectio
911 2970 1076 3034 καινότατον,
1092 2967 1151 3030 τοὺς
1168 2953 1380 3041 ἐντυγχάνοντά
1399 2967 1454 3024 tt-

321 3051 432 3124 vulguta.
449 3072 476 3107 v.
489 3055 595 3106 Cornan.
615 3055 716 3123 negabit
735 3053 804 3107 coni.
827 3055 861 3106 ll.
910 3053 1001 3127 lssplqs
1021 3059 1095 3135 φωνῇ
1115 3058 1200 3122 (voce
1218 3053 1318 3120 aliens,
1335 3071 1449 3106 nomen-

322 3138 410 3194 Vtiles.
431 3138 491 3191 Non
504 3135 587 3191 male!
911 3137 1038 3208 clateris)
1066 3137 1316 3212 προσαγοριὺοντις,
1343 3138 1453 3210 ἀγαπᾷν

358 3231 416 3281 470.
432 3222 566 3278 &mentis
586 3229 625 3278 45.
647 3219 860 3296 Cunnmusqroe-
911 3221 1056 3288 ἀξιοῦντες,
1080 3219 1121 3276 ὅτι
1143 3223 1220 3294 μόνον
1243 3221 1335 3285 αὐτοὺς
1351 3222 1452 3297 taposi-

323 3313 417 3365 matlio
439 3308 553 3363 malebat
581 3307 717 3364 Selinder.
747 3308 860 3364 blultum
911 3307 1022 3378 βὶιψαν.
1117 3305 1123 3320 ’

321 3404 431 3466 praestat
451 3393 600 3448 emendatio
620 3395 653 3448 Η.
667 3392 764 3448 Valesii
788 3390 857 3446 Gon·
947 3396 1004 3446 486.
1016 3396 1112 3447 amanti
1139 3397 1180 3446 tt.
1209 3389 1358 3446 natasset
1384 3389 1456 3444 sorta

321 3491 443 3549 tentusque
456 3477 511 3530 illic
525 3477 622 3532 Veneto
639 3476 748 3547 duroque
761 3475 860 3528 mutto.
911 3471 1093 3542 reponendum
1111 3485 1224 3537 mauis,
1250 3481 1278 3526 ut
1298 3490 1388 3524 sensus
1405 3471 1454 3524 sit:

322 3564 398 3614 Hanc
416 3561 515 3632 καρίς
537 3562 581 3616 ted
599 3574 687 3616 vertetu
699 3560 801 3634 reposui
814 3577 861 3631 pro
911 3559 933 3610 si
951 3556 994 3610 vel
1006 3557 1050 3610 ills
1064 3575 1155 3610 servus
1166 3576 1187 3610 s.
1202 3575 1268 3627 putes·
1279 3569 1391 3620 mutus,
1405 3554 1454 3608 do·

325 3647 357 3702 V
358 3659 436 3699 estete.
455 3665 482 3700 v.
497 3647 604 3700 Comm.
913 3641 988 3696 mino
1005 3641 1128 3708 dilectus,
1149 3643 1269 3706 bviam,
1284 3639 1328 3694 vel
1344 3640 1386 3694 ists
1399 3632 1453 3694 s'rs'·

361 3740 418 3786 474.
436 3741 472 3784 est
486 3747 540 3784 non
554 3739 634 3784 exstat
647 3729 675 3785 in
691 3735 730 3785 45.
744 3739 770 3783 et
784 3733 828 3783 74.
913 3745 970 3780 nem
986 3726 1073 3800 ponit;
1091 3727 1167 3798 piens
1179 3727 1267 3780 ἀοηιω
1279 3725 1352 3794 utta,
1369 3725 1455 3778 multu

361 3822 419 3870 472.
437 3820 522 3868 manis
543 3823 584 3869 43.
597 3817 670 3868 astu
692 3819 725 3868 22
743 3831 807 3868 um.
822 3832 863 3890 pr.
915 3811 1076 3866 salientibus
1089 3829 1197 3866 munera
1207 3810 1348 3866 mittuntur
1360 3809 1454 3874 servis,

362 3909 420 3957 473.
434 3899 571 3973 αῑίφιαπᾰο
585 3903 627 3952 45.
913 3909 941 3952 ut
951 3897 1006 3951 scil.
1019 3917 1111 3952 eorum
1124 3907 1150 3951 et
1159 3917 1206 3968 per
1216 3897 1275 3951 illos
1283 3896 1453 3951 dominorum

362 3994 420 4042 477.
437 3986 593 4056 similemque
619 3989 661 4036 44.
687 3987 726 4037 45.
753 3987 863 4038 23-25.
914 3983 1024 4054 gratiam
1034 3981 1082 4036 sibi
1093 3980 1240 4036 concilient.
1256 3981 1455 4050 Vulgatalectio

326 4077 438 4126 atu-so.
462 4075 568 4124 54-69,
593 4073 703 4124 74-74.
721 4075 764 4122 77.
788 4071 863 4121 eth
916 4067 1037 4136 expeditu
1063 4066 1209 4134 difficilior,
1227 4067 1361 4137 maiorque
1380 4064 1407 4118 b.
1436 4061 1453 4117 l.

325 4155 402 4210 codd.
420 4157 501 4208 Paris.
915 4149 955 4205 tis
983 4151 1065 4215 inest,
1094 4151 1115 4204 si
1140 4151 1226 4220 plures
1242 4151 1310 4204 servi
1334 4148 1453 4202 eiusdem

361 4245 419 4292 484.
433 4241 515 4292 uberta
531 4237 655 4290 iraterdum
669 4241 708 4291 40.
914 4235 1007 4288 domus
1016 4235 1142 4306 uariisque
1150 4233 1326 4290 occasionibus
1333 4231 1453 4302 captandi

362 4327 420 4375 485.
439 4324 541 4394 recipiat
566 4325 607 4374 26.
628 4321 763 4391 conspiciat
788 4321 862 4374 ta-
915 4331 975 4375 sunt
992 4321 1077 4374 donis.

303 4407 395 4461 ·sinso
410 4415 449 4461 47.
951 4411 1009 4459 487.
1026 4405 1096 4457 libris
1116 4412 1142 4459 9.
1167 4405 1237 4474 (sed
1259 4402 1344 4457 addita
1367 4399 1454 4476 glossa

361 4491 490 4546 Luciacus
512 4489 543 4546 iu
561 4489 671 4563 Nigrino
688 4507 711 4548 c.
725 4495 768 4548 ts.
788 4489 824 4546 Τό
836 4483 865 4545 dl
917 4491 1041 4563 potibus)
1062 4497 1101 4546 44.
1119 4497 1147 4546 47
1164 4508 1180 4545 a
1197 4507 1232 4545 nt.
1249 4507 1286 4561 pr.
1299 4495 1341 4545 ts.
1363 4493 1406 4544 84.
1426 4495 1452 4540 et
