3098 5498
566 350 717 420 satura
753 351 812 410 lli.

122 550 178 625 Et
197 545 381 642 Gaetulus
398 573 512 652 oryx,
531 546 659 624 hebeti
676 545 880 630 lautissima
900 550 1006 626 forro

1154 328 1248 418 2445

1203 603 1252 651 440

119 665 307 740 Caeditur
326 681 364 738 et
383 681 462 740 tota
482 681 591 739 sonat
613 663 735 740 ulmea
755 665 1054 748 coenadubura.

55 875 60 882 .
119 782 205 856 Nec
225 781 388 856 frustum
408 781 827 886 capreaesubducere,
847 781 1035 864 neclatus
1052 787 1166 868 Afrae

118 899 239 974 Novit
256 901 331 977 avis
351 915 481 974 noster
497 900 706 995 tirunculus
727 925 770 974 ac
789 900 894 976 rudis
921 906 1024 986 omni
1054 977 1057 988 ,

121 1015 315 1120 Tempore
333 1034 371 1090 et
390 1017 545 1119 exiguae
563 1014 675 1092 furtis
695 1017 874 1093 imbutus.
889 1017 1038 1098 ofellae.
1125 1079 1129 1088 -

117 1128 296 1206 Plebeios
322 1129 456 1206 calices
484 1148 522 1206 et
547 1135 677 1234 paucis
704 1132 847 1208 assibus
875 1151 993 1210 emtas
1049 1213 1051 1218 ,
1202 1181 1249 1229 445

119 1250 297 1351 Porrigat
314 1247 480 1323 incultus
506 1273 605 1351 puer
631 1265 745 1352 atquc
771 1278 794 1324 a
821 1249 966 1353 frigore
996 1270 1122 1330 tutus:

120 1365 212 1438 Non
236 1366 364 1468 Phryx
392 1380 457 1437 aut
483 1361 645 1466 Lycius,
671 1389 751 1440 non
779 1394 800 1440 a
827 1392 1014 1468 mangone
1041 1375 1179 1474 petitus

120 1483 331 1586 Quisquam
351 1483 424 1556 erit
442 1497 481 1556 et
498 1507 646 1584 magno.
673 1484 797 1577 Quum
814 1509 959 1588 posces,
975 1511 1089 1590 posca
1101 1490 1247 1564 Latine.

160 1706 221 1753 444.
237 1698 345 1753 4040444744
365 1707 406 1754 44.
426 1703 467 1754 48.
490 1702 531 1752 27.
557 1704 601 1753 47.
617 1704 659 1752 49.

118 1789 232 1836 64-69,
250 1790 293 1837 74.
312 1787 353 1836 72.
372 1790 423 1837 ta·
441 1781 533 1835 44444444
551 1781 578 1834 in
593 1781 658 1834 reli·

119 1867 193 1939 quis.
207 1886 234 1920 v.
249 1865 281 1920 ad
294 1869 337 1928 ttt.
356 1873 381 1921 5.

160 1949 353 2023 stasmoam
368 1955 408 2004 444.
425 1957 465 2005 44.
481 1955 519 2004 44.
537 1956 575 2005 44.
592 1954 660 2002 44-

120 2039 169 2089 25.
186 2039 228 2090 27.
242 2041 337 2090 4449.
353 2042 393 2090 54.
408 2041 450 2088 57.
461 2039 502 2088 58.
512 2043 553 2088 64.
566 2039 659 2090 6263.

120 2125 235 2173 65-69.
249 2127 291 2174 74.
303 2125 343 2175 72.
354 2127 396 2173 73.
410 2125 451 2174 75.
466 2125 506 2173 76.
522 2127 563 2174 77.
578 2125 619 2174 82.
634 2129 660 2174 44

121 2203 232 2274 plurimi
246 2203 321 2258 codd.
336 2203 416 2257 Paris·

161 2289 377 2342 443.44η4444444
405 2291 447 2340 20.
460 2291 500 2340 77.

161 2376 217 2424 444.
230 2372 306 2442 faus
324 2379 364 2423 44.
386 2377 426 2424 44.
444 2375 485 2422 ao.
506 2373 548 2422 22.
562 2373 602 2422 ss.
616 2373 657 2424 44.

120 2461 166 2510 75.
181 2461 223 2508 76.
237 2463 279 2510 77.
294 2457 335 2508 82.
351 2463 377 2506 et
388 2453 481 2525 optimi
492 2453 568 2507 codd.
579 2455 657 2506 Paris.

108 2537 221 2610 snm
237 2543 282 2594 44.
296 2543 338 2592 44.
350 2538 492 2608 tasnato
508 2543 547 2590 so.
562 2543 601 2588 44.
617 2542 658 2588 44.

121 2627 165 2674 45.
187 2627 226 2674 46.
251 2627 292 2676 48.
316 2628 358 2676 49.
381 2625 478 2675 2425.
494 2623 648 2676 27.46-50

118 2711 232 2760 54-58.
243 2710 355 2760 60-69.
364 2713 472 2760 74-74,
485 2717 511 2760 et
524 2710 572 2762 Vll
581 2711 657 2767 MSS.

115 2791 202 2844 Paris.
218 2791 285 2861 quod
306 2790 423 2862 plerique
435 2793 516 2863 intpp.
530 2795 655 2864 probant,

115 2885 150 2926 ut
167 2893 257 2927 44444444
275 2875 302 2928 44.
323 2873 342 2929 l.
357 2875 402 2930 sit:
424 2879 555 2931 4444444444
576 2891 658 2933 noster

711 1697 750 1754 bis
770 1709 874 1768 patere,
894 1700 957 1774 qnid
982 1705 1016 1756 sit
1030 1705 1132 1776 fiotum
1155 1708 1249 1780 osellae

710 1789 829 1854 exiguae,
841 1783 895 1838 scil.
908 1805 990 1856 genus
1003 1788 1145 1842 farciminis
1158 1811 1172 1842 e
1187 1793 1248 1846 reli·

710 1868 780 1934 quiis
792 1867 875 1920 carnis
893 1868 978 1920 variae
996 1879 1022 1922 et
1037 1871 1161 1924 minutim
1176 1893 1240 1926 con·
1257 1879 1261 1888 '

710 1947 791 2014 cisae,
826 1969 878 2019 qno
900 1953 1003 2008 44444444
1027 1952 1055 2007 44.
1072 1973 1096 2008 e.
1119 1973 1134 2007 s
1154 1957 1248 2009 teneris

710 2031 890 2099 assuefactus,
921 2034 1111 2090 delicatioribus
1140 2039 1248 2110 dapibus

710 2117 814 2169 4444444444
822 2136 884 2188 puer
896 2120 935 2184 (v.
947 2125 1017 2188 446.)
1029 2131 1085 2172 44444
1095 2121 1169 2176 sacito
1181 2142 1248 2175 core-

699 2211 750 2252 -ret
756 2239 766 2264 ,
777 2210 806 2252 ut
816 2201 927 2254 frustum
938 2221 1042 2274 capreae
1050 2216 1076 2257 et
1089 2204 1155 2260 latus
1164 2207 1245 2259 Afrae

711 2285 767 2340 eris
779 2287 909 2338 4444444444
922 2306 954 2338 ne
966 2290 994 2340 in
1006 2301 1120 2342 montem
1139 2291 1247 2360 quidem

710 2367 759 2437 ipsi
780 2369 889 2424 veniret.
911 2371 1069 2437 Enimvero,
1091 2385 1119 2428 ut
1139 2375 1188 2425 alia
1202 2384 1242 2426 ta-

709 2469 795 2518 ceam,
809 2473 862 2507 non
872 2453 946 2508 facile
956 2458 1092 2525 cuiquam,
1108 2458 1156 2510 nisi
1168 2459 1245 2524 444444·Ι

710 2554 770 2588 curn
785 2537 853 2590 vitae
866 2556 949 2610 genus
962 2549 1132 2610 naturamque
1146 2541 1241 2592 homa·

710 2637 770 2672 narn
799 2620 945 2690 ignoranti,
971 2623 1181 2694 persuadebitur,
1197 2623 1246 2676 bu·

709 2701 778 2756 bulci
804 2705 960 2776 pastorisque
981 2707 1047 2758 lilios
1064 2703 1158 2760 talibus
1176 2708 1247 2774 sartis

710 2805 726 2838 s
746 2788 841 2840 teneris
858 2788 935 2842 fuisse
957 2789 1109 2843 assuefactos
1126 2802 1152 2843 et
1169 2790 1246 2844 iisne

708 2871 806 2922 Romae
830 2871 953 2940 quidem,
980 2872 1025 2926 ubi
1052 2873 1176 2926 demenso
1203 2876 1247 2926 six

114 2977 171 3012 non
184 2965 252 3011 novit
263 2961 376 3030 stanton
399 2980 504 3030 capreae
514 2963 656 3028 adducere,
708 2955 791 3008 tama
806 2975 941 3010 servorum
955 2957 1120 3027 explebatur,
1132 2960 1158 3010 in
1174 2977 1247 3019 roen-

61 3047 64 3053 '
114 3041 182 3095 stlte
196 3042 303 3095 demere
320 3053 364 3098 aut
375 3043 542 3108 abscindere,
556 3047 658 3101 totamm
709 3046 762 3088 tern
782 3041 896 3102 senisse,
912 3039 1073 3093 delicatiores
1090 3040 1174 3104 cibos,
1190 3061 1245 3096 ase

107 3125 656 3199 samieffua0‚201isu,0ffi1t„samum
709 3119 884 3188 ministratos,
912 3134 1023 3196 gustare.
1055 3126 1092 3176 Ex
1112 3125 1245 3178 occasione

114 3211 205 3262 carni,
221 3211 344 3264 insmsu
356 3211 499 3264 melden,
522 3213 573 3266 Sed
596 3213 657 3268 hm
708 3205 778 3260 furta
800 3209 885 3272 nasci,
912 3208 953 3262 vel
978 3209 1113 3280 proverbia
1131 3208 1242 3274 docent,

112 3289 245 3344 4444444444
264 3289 371 3362 languet
377 3314 388 3358 3
414 3310 475 3344 narn
493 3290 565 3360 plura
584 3294 650 3357 iam,
708 3299 734 3342 et
747 3308 813 3360 quae
826 3291 880 3343 ruri
898 3311 977 3362 puero
992 3292 1125 3356 defuerat,
1142 3295 1242 3362 quoties

113 3391 201 3446 quam
219 3374 396 3444 apostatant,
410 3375 443 3428 de
456 3387 511 3430 arte
522 3375 656 3432 scindendi
708 3389 765 3424 earn
780 3377 875 3426 Romae
889 3373 1001 3428 oblatam
1015 3374 1092 3428 luisse
1106 3375 1238 3428 dicemus?

113 3459 221 3514 dixerat
235 3461 311 3528 poeta
321 3479 347 3513 4.
363 3465 504 3515 436-4-444.
522 3462 656 3516 Praeterea
707 3456 783 3510 Coos.
810 3459 914 3512 Comm.
939 3477 969 3512 44
988 3477 1039 3530 quo
1058 3460 1170 3534 patebit,
1188 3478 1242 3512 non

114 3562 176 3598 voc.
187 3543 390 3616 frustrtmtnodo
403 3546 555 3614 praecessit,
572 3565 655 3616 neque
707 3539 896 3596 sollicitandam
914 3562 969 3597 esse
996 3544 1126 3614 vulgatam
1151 3542 1241 3595 lectio·

113 3641 222 3679 necesse
238 3634 276 3676 ert
293 3623 400 3696 asellos,
424 3635 450 3678 et
473 3627 590 3697 quidem·
600 3631 652 3681 esri-
707 3643 767 3678 ncrn
777 3667 783 3691 ‚
795 3627 823 3678 in
840 3647 890 3697 qua
905 3627 1088 3699 gravissimum
1100 3625 1243 3680 virdoctus

13 3763 15 3772 ,
112 3725 198 3778 guas,
218 3709 247 3762 in
260 3707 348 3778 flaua
365 3709 474 3762 concidi.
498 3713 655 3766 Praestiterit
706 3710 832 3762 mendum
850 3711 900 3764 sibi
911 3710 1033 3780 reperisse
1046 3711 1113 3762 visus
1126 3720 1173 3768 est.

112 3802 186 3844 certe
210 3793 303 3860 verbs,
317 3799 422 3864 exiguae
438 3797 533 3868 [4444444
552 3795 655 3848 imbuas
742 3800 798 3846 446.
811 3799 919 3863 porrigit
934 3801 973 3846 46.
986 3797 1014 3844 24
1028 3809 1133 3861 ampr.
1143 3797 1184 3845 60.
1198 3797 1240 3846 65.

113 3876 230 3948 ofilius,
255 3876 284 3928 in
300 3874 491 3946 interpretari:
515 3875 604 3933 solitus
626 3878 653 3934 ia
746 3885 802 3934 447.
827 3896 877 3930 non
901 3877 995 3946 Lycius
1018 3882 1060 3935 24.
1083 3879 1202 3928 22.-4444
1223 3895 1241 3928 a

114 3959 198 4012 domo
212 3968 239 4010 et
252 3977 344 4012 mensa
354 3977 412 4012 mea
424 3978 476 4012 non
493 3979 554 4012 aves
566 3960 654 4012 videre
705 3982 830 4034 margone
843 3983 870 4031 p.
887 3967 927 4014 46.

114 4053 163 4094 sut
176 4042 259 4109 seras,
272 4043 333 4097 scite
347 4042 514 4108 scindendas,
534 4043 577 4096 sed
589 4043 651 4096 osel·
740 4049 796 4095 448.
814 4041 949 4112 Quisquam
963 4043 1009 4094 erit
1022 4051 1045 4092 44
1058 4057 1151 4110 magno
1164 4039 1240 4092 resti·

114 4127 156 4180 las
177 4137 277 4180 tanturn
299 4128 400 4191 carnis,
422 4146 503 4198 quae,
521 4137 549 4180 nt
577 4128 654 4179 verba
705 4127 743 4181 tui
765 4145 795 4178 ex
816 4129 857 4180 40.
879 4133 920 4179 44.
949 4129 990 4177 42.
1010 4127 1117 4177 44-20.
1138 4127 1240 4176 tata.

115 4211 230 4266 Martial.
251 4213 285 4275 X,
297 4218 340 4274 48,
360 4218 400 4265 45.
413 4229 470 4262 mea
483 4212 589 4275 faciam,
605 4231 654 4266 nors
705 4215 747 4264 27.
762 4213 870 4264 45-50.
893 4215 1000 4264 64--69-
1021 4213 1063 4260 74.
1078 4213 1120 4262 72.
1147 4213 1191 4260 73.
1212 4215 1239 4260 et

116 4295 295 4368 egensuserro
314 4297 446 4354 structoris.
472 4295 562 4346 Mansa
573 4295 654 4366 finis
706 4294 732 4346 X
748 4291 822 4345 codd.
839 4289 916 4344 Paris.
935 4289 1028 4356 (Alex.
1041 4291 1096 4344 tut.
1113 4286 1238 4342 lllazarin.

117 4377 285 4436 scribendum
299 4394 353 4436 esse
366 4377 514 4440 dicitetea
525 4377 587 4448 ipsis
599 4397 656 4434 ver·
708 4381 727 4437 1.
747 4377 851 4434 Thoan.
870 4378 888 4432 L
904 4373 1023 4433 Fauclret.
1048 4371 1138 4446 etat.)
1164 4375 1238 4444 Quis·
