3120 5494
332 369 425 460 320
686 401 742 461 oc
777 401 908 462 runsn
945 403 1076 484 viru,

328 620 435 664 corum
456 598 548 662 iidem
567 597 706 660 infestam
726 598 911 678 reddebant.¹
935 601 1034 681 Quam
1055 601 1182 664 obrem
1202 620 1293 662 nemo
1313 599 1446 664 liberam

328 715 434 761 rocem
454 695 592 758 emittere
611 693 759 768 audebat3
793 695 840 756 vel
863 694 946 757 taciti
968 697 1189 778 imperatorum
1209 697 1356 757 insaniam
1378 717 1448 758 res-
1473 760 1478 772 ,

327 813 388 875 que
401 791 523 876 imperii
542 797 665 852 ruentes
684 789 906 874 adspiciebant,
927 789 974 853 rel
993 790 1113 853 obeulte
1132 799 1163 852 et
1175 791 1318 873 ambigue
1331 791 1448 874 loque-

329 887 464 960 bantur,
486 893 659 968 sortemque
678 905 764 946 suam
777 884 860 945 domi
881 884 1089 946 delitescentes
1102 884 1255 966 lugebant.
1276 884 1354 946 Inde
1367 906 1449 966 quo-

327 1003 387 1065 que
407 979 554 1044 sermonis
587 978 705 1040 indoles
725 989 756 1040 et
776 989 883 1042 natura
914 979 1048 1041 colorem
1079 981 1185 1054 trasit3
1216 1002 1318 1062 quae,
1347 1001 1448 1062 quum

309 1087 413 1139 -antea
432 1075 561 1158 simplex
581 1081 656 1136 esset
676 1082 705 1135 et
719 1084 841 1156 aperta,
861 1073 1109 1156 quandoquidem
1124 1077 1238 1137 nemini
1252 1075 1353 1140 fraudi
1369 1087 1445 1150 erat,

327 1193 360 1234 ea
381 1171 538 1254 proloqui,
557 1191 635 1254 quae
654 1169 830 1251 cogitasset,
852 1189 935 1231 nunc
954 1170 1137 1232 obscuritate
1156 1170 1287 1254 quadam
1301 1169 1447 1233 obvoluta

327 1276 392 1328 erat
412 1276 443 1327 et
462 1275 563 1340 tecta,
583 1273 673 1347 atque
693 1264 859 1345 amaturali
879 1263 1073 1345 simplicitate
1093 1266 1125 1325 in
1144 1264 1209 1326 dies
1224 1266 1317 1347 magis
1332 1267 1448 1348 magis-

326 1381 387 1445 que
412 1359 601 1434 dellexit.(a)
631 1359 698 1442 lpse
721 1359 893 1444 eloquentie
913 1360 983 1421 foro
1003 1358 1110 1421 relicto
1130 1358 1179 1422 rel
1208 1358 1239 1420 in
1269 1361 1446 1424 scholarum

326 1453 513 1516 umbraculis
533 1453 708 1516 abscondita
728 1453 786 1515 situ
806 1452 1081 1535 corrumpebatur,
1103 1451 1151 1516 rel
1170 1451 1201 1514 in
1220 1461 1323 1514 senatu
1345 1474 1444 1534 pere-

326 1551 417 1634 grino
436 1551 506 1612 fuco
525 1548 618 1611 oblitu
639 1549 670 1608 in
691 1547 847 1610 laudandis
877 1548 1117 1630 Imperatoribus
1136 1549 1345 1631 sententiisque
1367 1549 1441 1612 illo-

326 1665 397 1708 rum
416 1643 532 1707 abiecte
550 1643 785 1727 comprobandis
805 1652 869 1706 erat
882 1653 1043 1726 occupata3
1059 1665 1212 1727 quumque
1224 1665 1324 1706 rerum
1340 1665 1439 1727 argu-

326 1750 560 1824 mentorumque
591 1738 768 1822 magnitudo
800 1737 966 1815 deiiceret,
1000 1738 1082 1798 inani
1115 1739 1279 1800 verborum
1312 1760 1436 1822 pompae

325 1836 603 1920 sententiarumque
634 1837 745 1898 tumori
778 1833 926 1898 studebat.
966 1833 1064 1896 Sensu
1101 1821 1292 1896 sublimitalis
1333 1855 1436 1910 uerae,

325 1929 446 1995 decoris
465 1939 495 1994 et
515 1927 707 2011 ingenuitatis
739 1929 864 2002 obtuso,
897 1929 1030 1990 studium
1060 1928 1278 1992 conlocabatur
1298 1929 1329 1990 in
1349 1929 1439 1990 rebus

326 2027 471 2101 minutia,
502 2035 534 2088 et
558 2025 698 2089 novitatis
717 2025 858 2104 cup'aliue
879 2033 910 2086 et
930 2025 1077 2088 acuminis
1096 2025 1187 2088 ieiuni
1200 2025 1364 2108 scriptores
1382 2025 1443 2086 ab·

324 2120 408 2184 scari
427 2128 458 2180 et
477 2119 573 2202 inepti
592 2120 714 2184 fiebunt.
747 2120 862 2181 Mutata
892 2118 1096 2201 reipublicae
1126 2119 1226 2180 forma
1245 2119 1444 2202 moribusque

324 2215 460 2298 piistiuis
478 2212 594 2286 exutis,
617 2234 716 2276 serrtm
736 2213 860 2296 quidem
881 2213 966 2276 novis
986 2213 1113 2277 subinde
1132 2212 1253 2275 dicendi
1275 2213 1443 2276 rationibus

325 2319 357 2377 st
376 2307 477 2372 serbis
496 2308 605 2390 passim
624 2316 728 2370 auctos
748 2317 811 2381 est,
846 2308 1006 2390 praecipue
1025 2329 1042 2366 a
1062 2309 1244 2390 peregrinis,
1269 2307 1322 2390 qui
1345 2309 1440 2368 nodi-

325 2421 387 2486 que
406 2424 444 2466 ex
464 2403 629 2485 provinciis
658 2405 785 2468 Renum
819 2401 1049 2478 confluxerant,
1083 2412 1114 2464 at
1134 2401 1238 2478 ,multe
1273 2402 1444 2479 construxit,

323 2519 401 2580 quae
414 2497 568 2581 antiquam
582 2497 743 2582 puritatem
758 2498 821 2560 eins
834 2496 1057 2580 candoremque
1071 2497 1324 2560 comminarent.
1345 2498 1446 2558 Multa

323 2594 439 2678 plebeis
459 2603 490 2656 et
511 2594 635 2657 admista
656 2603 745 2668 sunt,
765 2593 860 2654 multu
873 2591 1015 2652 adulandi
1036 2593 1168 2654 studium
1190 2593 1322 2666 invexit,
1345 2595 1448 2654 maior

324 2699 423 2750 umen
443 2687 639 2770 conruptclae
660 2687 705 2762 (3)
725 2709 795 2770 pars
814 2688 1078 2768 grammaticorum
1093 2697 1123 2748 et
1146 2687 1304 2750 rhetorum
1325 2687 1445 2751 scholis

327 2781 467 2857 debetur,
487 2785 704 2862 communique
724 2782 787 2842 fere
810 2781 929 2853 furori,
950 2803 1011 2863 quo
1032 2779 1068 2842 ad
1085 2801 1185 2842 sersus
1205 2782 1448 2844 conscribendos

326 2875 418 2959 vulgo
437 2875 717 2959 compellebantur,
737 2881 781 2950 (4)
803 2876 960 2959 omnisque
981 2875 1151 2958 eloquentia
1172 2885 1202 2938 et
1221 2877 1328 2960 poesis,
1348 2898 1448 2959 quum

358 3083 400 3149 (2)
417 3083 474 3134 Huc
494 3099 597 3152 quoque
616 3082 704 3154 imago
728 3083 855 3152 pertinet,
907 3086 987 3140 animi
1012 3083 1056 3140 rel
1087 3095 1179 3156 sponte
1204 3077 1380 3147 inclinatam}
1413 3085 1449 3139 ab

325 3181 404 3233 quaer
424 3165 529 3220 Tacitus
548 3168 631 3232 (flur.
643 3170 672 3232 Ι1,
691 3170 736 3234 2.)
753 3177 853 3236 tempo·
905 3172 1025 3240 Augusto
1038 3171 1091 3240 ipso
1103 3181 1252 3240 promotum
1264 3181 1300 3222 est
1317 3187 1376 3220 cum
1390 3167 1449 3220 lao-

324 3265 399 3314 rum,
416 3266 481 3322 quae
497 3249 608 3304 Neronis
621 3259 734 3304 mortem
743 3249 855 3305 insecuta
906 3253 1029 3316 naribus,
1046 3271 1111 3324 quus
1125 3252 1206 3324 pa'e'ris
1226 3255 1364 3314 concessit,
1385 3261 1449 3306 tum

323 3341 399 3397 sunt,
415 3333 587 3388 adumbravit.
905 3333 1118 3390 bibliothecarum
1148 3335 1309 3407 publicarum
1333 3335 1445 3388 institu-

356 3464 401 3533 (3)
416 3464 602 3518 Cureamdem
623 3467 761 3536 scripturae
776 3470 852 3520 ratio·
906 3417 984 3471 ¹³⁰³*
1013 3419 1060 3470 mc
1084 3419 1190 3472 ¹¹¹⁰lb¹¹⁵
1216 3418 1363 3474 ⁰⁰¹⁰m¹¹¹¹l⁵
1385 3437 1448 3470 '¹⁰¹¹

322 3565 384 3600 neru
397 3565 507 3614 servm,
518 3566 582 3616 quae
595 3549 623 3602 iu
637 3549 734 3604 deliciis
745 3549 853 3604 habetor

321 3649 337 3684 s
350 3629 505 3698 quibusdam
516 3632 585 3684 inter
603 3633 759 3688 recentiores
772 3634 854 3688 erudi-

321 3713 368 3780 tis,
388 3713 578 3768 carrserentibus
595 3735 660 3785 quae
676 3735 760 3787 nuper
772 3717 850 3771 adno-

320 3798 373 3850 tari
390 3797 422 3850 ad
437 3817 494 3870 pag.
511 3805 561 3852 446
575 3799 639 3852 1οωί
653 3801 701 3854 Χ11

319 3894 436 3954 apertum
453 3883 509 3936 erit.
528 3885 562 3940 T.

904 3503 1048 3556 inminutus
1061 3503 1104 3554 scd
1126 3503 1212 3571 potius
1228 3513 1316 3556 auctus
1339 3511 1378 3554 est
1393 3504 1449 3554 sub

903 3587 1068 3656 sequentibus
1102 3587 1323 3655 Imperatoribus,
1357 3603 1449 3654 quum

903 3672 1094 3741 unusquisque,
1117 3671 1167 3724 nisi
1192 3672 1273 3726 animi
1295 3689 1370 3726 eausa
1398 3683 1449 3725 aut

902 3751 1451 3906 rullus?ululaturus:

903 3931 1042 3972 venturum
1066 3940 1121 3973 esse
1147 3919 1331 3986 arbitraretur,
1361 3941 1448 3991 quarn

354 3997 396 4067 (4)
409 4001 530 4054 Carmina
543 4001 671 4054 scribendi
685 4003 798 4056 studium
806 4003 852 4056 sub
903 4001 950 4054 alin
964 4021 1126 4074 quacumque
1144 4023 1172 4055 re
1193 4004 1313 4075 graviori.
1333 4005 1445 4059 Petron.

320 4082 435 4162 hugusto
448 4083 612 4153 potissimum
634 4087 701 4155 apud
723 4091 852 4140 Romanas
905 4091 962 4138 118,
985 4086 1069 4138 Etiam
1088 4088 1224 4152 Tiberius,
1244 4086 1446 4142 crudelissimus

319 4165 354 4215 ita
370 4165 516 4231 increbuit,
533 4181 562 4222 ut
578 4169 609 4221 ad
627 4167 783 4240 elegantiam
795 4191 852 4240 per·
902 4169 1114 4240 turpissimosque
1138 4173 1275 4242 Princeps,
1293 4175 1396 4226 Graeca
1419 4182 1447 4226 et

319 4249 427 4313 sineret,
448 4267 536 4302 versus
557 4251 666 4304 scribere
688 4261 714 4304 et
736 4255 851 4306 recitare.
902 4254 993 4307 Latina
1011 4259 1128 4322 poemata
1142 4256 1215 4322 lecit,
1233 4254 1445 4325 Euphorionem,

318 4329 405 4380 Horae
419 4329 498 4396 Epist.
521 4331 544 4382 ll
553 4369 563 4394 ,
586 4340 609 4382 t.
631 4335 679 4384 108
697 4345 767 4402 seqq.
784 4342 809 4383 et
827 4339 851 4386 2.
904 4335 1032 4390 ltbiunum
1051 4347 1076 4390 et
1095 4339 1260 4392 Parthenium
1276 4338 1445 4412 (dequibus

319 4415 351 4464 9⁰
366 4429 434 4480 seqq.
449 4410 514 4472 lllud
528 4413 654 4482 studium,
670 4415 696 4470 iu
708 4416 779 4491 quad
793 4427 855 4472 tuuc
906 4439 931 4472 v.
948 4421 1057 4476 Suidum
1076 4434 1102 4478 et
1115 4425 1189 4482 Voss.
1206 4423 1238 4480 de
1252 4422 1311 4481 bist.
1323 4427 1443 4491 Graec.)
