3028 5492
296 313 418 464 lxnii

588 361 596 376 '
635 363 639 376 '
687 355 781 422 “llll
816 357 982 422 SdTlRlS

297 563 556 648 taos‘lsrnamque
582 557 698 626 horum
712 565 1128 648 posumus-propugnarunt
1147 569 1179 628 st
1199 559 1232 628 ln
1253 559 1302 628 h'u
1321 579 1428 646 nopes

297 663 345 726 ct.
366 660 488 744 Koenig
509 661 570 736 (dc
590 659 654 722 Sat.
675 661 763 739 Rom.
784 681 815 742 p.
836 659 876 738 qss
896 667 1006 742 sequ),
1025 658 1113 722 ouius
1131 658 1224 722 rerba
1245 680 1330 722 nuno
1353 679 1427 723 mee
1505 659 1507 720 i

226 799 229 804 ,
296 761 418 834 secere,
449 767 480 820 et
504 757 637 830 aliorum
672 755 936 820 observationibus
957 757 1093 830 infrain
1115 757 1194 820 notis
1214 754 1341 822 adiectis
1361 755 1427 818 lir-
1505 767 1508 828 j

296 878 381 920 snare
410 855 519 931 liccat,
547 875 585 916 ne
616 854 726 916 horum
748 853 860 916 scrinia
881 851 1059 936 compilasse
1082 852 1194 928 videar,
1214 853 1429 916 Haerentem

295 962 384 1030 sunt,
405 973 482 1036 quae
502 951 553 1012 ille
572 950 754 1032 disputavit:

340 1077 355 1106 a
375 1048 423 1112 Ab
443 1048 580 1108 instituto
601 1067 668 1108 meo
690 1069 752 1108 non
776 1045 896 1108 videtur
913 1045 1045 1108 alienum
1058 1088 1068 1120 ,
1082 1044 1187 1129 paucis
1200 1067 1233 1108 ea
1249 1046 1431 1128 attingere,

294 1161 372 1224 quoe
403 1139 512 1200 multos
537 1160 643 1221 graves
664 1139 745 1201 siros
768 1140 962 1222 nimiumque
984 1141 1017 1200 in
1039 1139 1116 1202 iocis
1138 1140 1293 1222 religiosos
1315 1163 1330 1201 a
1356 1141 1429 1202 tto·

295 1257 401 1300 urenae
436 1236 544 1298 satirae
576 1236 749 1298 auctoribus
779 1235 913 1318 legendis
945 1257 1008 1296 non
1037 1245 1099 1296 tons
1121 1236 1219 1300 solent
1239 1238 1427 1312 deterreres

295 1354 386 1418 quarn
419 1332 458 1394 ad
478 1352 528 1394 eos
555 1332 718 1413 iurentuti¹
740 1331 1001 1396 commendandos
1031 1331 1187 1414 segniores
1208 1332 1352 1408 reddere3
1374 1341 1425 1408 (r)

329 1549 371 1614 (t)
392 1549 446 1598 llos
466 1549 501 1600 ita
530 1545 654 1599 refutavit
677 1546 721 1597 Fr.
747 1543 830 1598 Gottl.

294 1629 830 1699 Barth.inl‘racsat.adl'ropert.p.Vlseq.

298 1711 831 1778 uSeriocrcrlimus,ctiamadolescentibus

293 1801 404 1856 lectione
417 1799 543 1852 librorum
559 1798 634 1870 paulo
649 1797 831 1851 licentiusscri-

294 1895 400 1955 ptorum
422 1886 456 1950 (a
476 1879 571 1952 quibus
590 1900 633 1932 cos
653 1881 746 1934 frustra
765 1880 827 1933 reti·

293 1986 357 2021 nere
383 1966 531 2026 conamini,
555 1967 579 2017 0
603 1965 682 2017 boni!
714 1965 832 2017 nituntur

294 2050 400 2105 enimin
414 2050 545 2115 vetitum)
558 2047 765 2101 interdicendum
778 2067 830 2100 uon

293 2153 357 2188 esse.
373 2135 412 2185 Ao
428 2133 513 2202 primo
533 2132 640 2203 quidem
655 2132 749 2193 fateor,
765 2132 831 2184 mihi

294 2217 426 2288 quodlibet
451 2216 609 2285 antiquitatis
637 2216 829 2288 fragmentum,

292 2303 362 2373 quod
375 2321 389 2354 o
402 2301 677 2354 communiliterarum
691 2301 830 2374 naufragio

291 2397 425 2440 servatum
436 2399 462 2440 et
474 2387 506 2440 ad
520 2396 605 2440 nostra
618 2399 736 2457 tempora
749 2399 830 2440 trans·

291 2476 398 2526 missurn
416 2472 480 2536 suit,
505 2471 682 2544 gratissimum
702 2477 830 2546 omnique

292 2555 459 2610 veneratione
476 2555 660 2627 dignissimum
680 2555 773 2609 videri.
800 2556 829 2609 Id

294 2641 316 2694 si
334 2641 366 2694 sit
380 2639 523 2703 eiusmodi,
538 2642 600 2693 utin
615 2641 689 2693 rebus
704 2641 829 2710 turpibus,

291 2732 563 2791 quantumquantum
581 2729 634 2784 est,
653 2731 768 2774 versetur
785 2740 829 2773 ne·

293 2823 342 2873 qne
357 2813 487 2874 praeterea
500 2803 830 2876 quidquamelliciataliud‚

292 2971 409 3041 adeoque
423 2972 547 3023 iuvenum
557 2971 651 3024 animis
660 2972 829 3026 certissimam

293 3076 341 3128 per
361 3077 389 3111 sc
404 3067 503 3128 pestem
524 3057 626 3120 offerat,
643 3074 752 3110 manum
776 3077 829 3112 non

293 3137 436 3202 verterim,
458 3138 479 3192 si
500 3137 558 3206 quis
584 3137 712 3191 eiusmodi
732 3139 829 3193 librum

292 3221 432 3275 iuvenibus
449 3221 610 3291 eripiendum
624 3231 649 3273 et
663 3224 735 3292 qnasi
749 3223 775 3275 vi
788 3244 829 3276 ex·

292 3305 467 3374 torquendum
475 3304 573 3374 ¹clamet
586 3324 614 3358 ac
625 3307 770 3375 pertendat.
778 3310 829 3362 Sed

294 3389 366 3442 idem
394 3389 415 3442 si
442 3388 508 3443 liber
529 3389 557 3442 in
574 3390 729 3459 quibusdam
751 3393 830 3446 modo

293 3471 357 3526 locis
369 3473 445 3526 bonis
457 3476 585 3527 iuvenum
600 3476 717 3529 moribus
729 3477 831 3531 officere

294 3577 368 3628 posse
383 3557 513 3622 videatur,
527 3569 659 3628 praeterea
673 3578 735 3614 voro
748 3562 831 3616 multa

295 3643 442 3714 praeclara,
456 3644 583 3715 graviter,
596 3657 699 3714 ornate,
713 3660 831 3704 venrrstc·

295 3746 344 3796 que
366 3727 433 3780 dicta
451 3731 594 3792 contineat,
611 3749 674 3799 quae
695 3729 736 3784 vel
754 3751 827 3787 seve·

295 3812 391 3866 rissimi
405 3815 514 3866 Catones
533 3813 633 3885 legant,
652 3834 700 3870 nne
719 3819 831 3871 maxime

299 3909 326 3950 ct
338 3899 425 3952 iniurii
437 3898 493 3952 talis
507 3899 534 3951 in
546 3897 605 3952 libri
614 3901 728 3954 sorcmus
742 3913 828 3955 aucto-

295 3999 370 4043 rem,
385 3993 411 4033 ct
424 3985 548 4035 iuvenum
561 3984 704 4037 rationibus
720 3986 830 4054 pessime

296 4085 343 4136 per
370 4085 417 4118 nos
448 4067 595 4122 consultum
618 4069 697 4122 fuisse
723 4068 831 4140 quilibet

296 4148 425 4217 opinionis
445 4162 642 4222 praeconceptae
661 4151 764 4207 vinculo
778 4173 830 4207 non

296 4232 448 4286 constrictus
455 4234 587 4291 iudicaret.
597 4237 688 4292 -Sed
699 4237 739 4292 fac
751 4238 830 4292 etiam

295 4315 403 4372 iuvenes
422 4316 551 4376 eiusmodi
570 4319 626 4376 locu
647 4322 774 4380 obseoena
797 4323 832 4378 le·

294 4419 373 4488 flete,
395 4399 458 4466 hess
485 4424 540 4468 nou
564 4405 614 4470 erit
640 4418 730 4472 nosue
747 4407 831 4491 culpe.

883 1544 975 1614 Neque
987 1543 1060 1598 enim
1073 1555 1117 1600 aut
1136 1544 1183 1616 ipsi
1197 1543 1241 1598 illa
1257 1544 1420 1617 scripsimus,

882 1638 928 1682 eut
941 1629 1192 1684 commentariorum
1211 1628 1267 1684 luce
1286 1627 1418 1684 collustra-

882 1713 978 1768 viutus.
999 1715 1076 1766 roera
1093 1714 1173 1784 igitur
1191 1713 1242 1784 ipse
1262 1731 1362 1766 cauum
1380 1713 1419 1766 di-

883 1808 922 1850 cat
936 1817 1009 1850 sunm
1025 1808 1052 1850 et
1068 1818 1095 1850 se
1113 1799 1207 1868 partim
1226 1797 1348 1871 religione
1365 1819 1421 1865 sua,

881 1881 975 1949 partim
990 1882 1106 1934 moribus
1116 1881 1225 1943 saeculi,
1241 1902 1292 1951 quo
1306 1881 1421 1950 vivebat,

882 1964 1018 2032 delendat;
1031 1966 1124 2031 nobis,
1142 1967 1185 2036 qui
1200 1971 1256 2019 eius
1269 1967 1424 2036 interpreta-

881 2065 943 2100 mur
959 2049 1068 2119 scripta‘,
1084 2049 1116 2102 de
1127 2067 1158 2102 eo
1170 2049 1277 2120 quidem
1290 2068 1344 2103 non
1351 2050 1421 2104 adeo

881 2132 1056 2186 laborandum
1078 2133 1190 2188 videtur.
1219 2115 1423 2204 Neque‘tssneu

880 2217 971 2282 video,
987 2217 1049 2290 quid
1064 2238 1152 2272 rerum
1169 2220 1281 2291 cognitio
1300 2221 1422 2292 turpium

879 2299 1055 2369 proboiuveni
1062 2301 1214 2371 virtutisque
1222 2320 1299 2356 verae
1309 2304 1422 2366 amanti,

881 2381 1028 2436 detrimenti
1047 2386 1126 2453 possit
1139 2387 1230 2438 aflcrre
1238 2423 1247 2450 ,
1265 2391 1420 2456 praesertim

880 2466 913 2519 ab
929 2465 1035 2518 homine
1048 2466 1155 2537 gentili,
1171 2489 1185 2520 a
1205 2467 1259 2520 veri
1276 2471 1325 2523 Dei
1342 2471 1420 2525 cultu

880 2551 965 2606 alieno
989 2553 1162 2621 percipienda·
1191 2554 1257 2606 Nam
1276 2553 1345 2608 mala
1361 2556 1423 2625 qui-

881 2635 941 2688 dem
959 2655 1048 2698 nosse,
1072 2655 1119 2690 nec
1140 2649 1229 2691 tamen
1246 2658 1276 2692 ea
1293 2639 1419 2709 probare,

880 2720 1045 2789 usqueadeo
1071 2719 1192 2774 vitiosum
1212 2733 1256 2775 aut
1276 2724 1421 2792 reprehen-

881 2803 999 2858 dendum
1013 2823 1068 2858 non
1082 2815 1167 2873 est,ut
1178 2806 1262 2877 potius
1273 2811 1296 2862 is
1309 2809 1422 2862 demum

880 2907 978 2942 nomen
988 2908 1017 2942 ac
1029 2889 1183 2962 dignitatem
1196 2890 1310 2946 lsominis
1324 2893 1422 2948 virtute

879 2972 989 3044 praediti
1006 2976 1132 3028 sustinere
1143 2974 1261 3046 tuerique
1268 2977 1419 3048 mihipossc

881 3058 1014 3127 videatur,
1044 3061 1090 3130 qui
1119 3073 1212 3116 cuncta
1243 3062 1311 3117 mala
1339 3075 1421 3137 etque

880 3141 1016 3198 illecebras
1047 3164 1137 3200 eorum
1168 3165 1260 3202 omnes
1285 3149 1422 3220 cognorit,

880 3237 905 3282 et
930 3229 1012 3282 nihilo
1038 3241 1125 3284 tamen
1153 3232 1235 3286 secius
1258 3245 1328 3287 recte
1351 3235 1420 3288 sacta

880 3311 1094 3384 honestatemque
1102 3315 1161 3370 totis
1172 3316 1271 3370 viribus
1278 3317 1420 3390 animoque

879 3405 934 3448 toto
950 3397 1137 3468 complectatur
1153 3399 1260 3470 eiusque
1277 3420 1304 3454 se
1322 3400 1421 3471 pulcri·

880 3479 972 3534 tudine
987 3482 1097 3536 delectet
1114 3485 1189 3538 unice
1209 3486 1323 3539 Virtutis
1340 3505 1421 3542 verse

881 3576 965 3620 custos
988 3567 1140 3640 rigidusque
1155 3569 1267 3626 satelles.
1291 3571 1420 3626 Eiusdem

880 3651 1023 3704 sententiae
1037 3652 1086 3706 luit
1097 3655 1172 3706 lenus
1189 3655 1357 3722 Gebhardua,
1369 3675 1417 3710 sn·

880 3733 974 3803 tiquior
993 3737 1117 3806 Propertii
1137 3737 1232 3812 editor.v
1249 3741 1420 3798 Praetextatis

884 3819 983 3884 serbis,
997 3819 1095 3889 inquit,
1108 3841 1160 3874 nou
1172 3822 1327 3876 imbuendas
1341 3845 1419 3879 aures

881 3900 1006 3956 iuvenum
1020 3921 1074 3956 esse
1088 3903 1179 3959 dicunt
1191 3917 1217 3960 et
1230 3918 1313 3962 recte:
1330 3910 1418 3964 sedan

881 3985 976 4039 luorum
990 3986 1208 4057 lepidissimorum
1221 3995 1357 4064 politorum
1369 4013 1416 4066 ge·

880 4069 940 4124 nius
961 4081 1062 4126 tautum
1080 4075 1184 4146 ssagtrti,
1202 4085 1305 4130 tanturn
1326 4097 1418 4133 corru-

881 4156 965 4228 ptelae
977 4159 1004 4211 in
1026 4158 1152 4214 lectorum
1170 4162 1272 4217 animos
1283 4163 1416 4232 admittat,

882 4243 984 4310 nescio,
998 4254 1024 4298 et
1041 4263 1117 4315 sane,
1135 4247 1183 4299 Dei
1201 4247 1296 4302 virtute
1313 4249 1397 4304 dicam
1404 4287 1415 4317 ,

881 4345 934 4384 non
941 4332 1016 4386 sensi.
1033 4331 1141 4390 Vtinam
1150 4335 1419 4393 uonohsooenioribus

880 4415 982 4496 saepiu
994 4413 1068 4478 domi
1079 4415 1154 4480 diuis
1166 4419 1420 4490 memnonem
