3056 5490
354 419 448 520 4¹⁰
642 475 644 483 .
833 420 978 496 'remu

350 636 451 728 Quin
471 651 513 706 tu
531 636 657 734 igitur,
675 658 813 707 summa
836 632 1097 735 nequidquam
1118 633 1218 738 pelle
1240 635 1398 730 decorus,

349 756 447 824 Ante
467 748 566 824 diem
582 749 722 823 blando
744 747 902 823 caudam
924 753 1060 826 iactare
1076 751 1233 857 popello
1415 796 1437 843 ,ς

347 869 514 954 Desinis,
532 868 730 969 Anticyras
751 865 883 940 melior
900 867 1055 942 sorbere
1076 873 1262 944 meracas?

347 985 452 1077 Quae
473 982 540 1056 tibi
557 969 699 1057 summa
719 983 811 1058 boni
828 985 917 1058 est?
932 1001 1048 1058 uncta
1069 986 1200 1062 vixisse
1219 981 1353 1090 patella

345 1099 522 1204 Semper,
543 1116 582 1174 et
598 1097 755 1175 adsiduo
774 1117 905 1190 curata
924 1100 1090 1176 cuticula
1109 1103 1202 1178 sole.

347 1220 545 1321 Exspecta:
568 1217 671 1292 haud
689 1217 793 1292 aliud
807 1218 1035 1322 respondeat
1050 1222 1141 1296 hacc
1160 1247 1266 1294 anus.
1285 1222 1296 1292 i
1315 1243 1418 1306 nunc;

348 1333 598 1409 Dinomaches
615 1361 682 1434 ego
701 1360 796 1426 sum,
815 1327 949 1409 subssa:
969 1363 1052 1412 sum
1070 1337 1267 1412 candidae.
1286 1351 1376 1408 esto:
1414 1369 1436 1416 u

349 1491 432 1554 ouem,
445 1507 505 1560 quos
517 1489 639 1558 supplicio
651 1487 782 1559 adfieiwrt.
794 1488 883 1541 Etiam
971 1497 1010 1546 te.
1025 1505 1049 1543 et
1061 1491 1167 1542 arisiduo
1184 1501 1271 1541 curata
1289 1486 1434 1538 ammiralii

349 1575 512 1645 grammatici
524 1571 574 1626 hoc
587 1574 663 1644 signo
675 1573 822 1627 utebantur.
935 1575 1039 1632 ἡλίωσιν
1054 1573 1178 1646 iutelligit
1200 1571 1242 1624 uel
1261 1569 1387 1630 irltzaizs,
1406 1571 1434 1618 in·

386 1665 425 1710 tl.
450 1656 492 1710 Ab
510 1657 558 1726 hoe
580 1676 655 1709 versu
674 1657 784 1720 Noster,
796 1676 823 1709 se
838 1658 883 1709 So·
932 1659 1105 1722 solationem,
1126 1677 1196 1731 quae
1217 1656 1321 1727 quidem
1340 1673 1365 1706 ex
1383 1671 1434 1720 prae

350 1741 426 1794 Graiis
442 1724 526 1810 pil'l'les
549 1739 689 1802 SUSllflCl'e,
708 1738 886 1800 obliviscitur,
935 1746 1028 1815 scripio
1049 1745 1213 1797 medicorum
1227 1742 1259 1795 gd
1272 1740 1435 1794 gimilgiemfflp.

350 1836 395 1889 et,
411 1824 500 1879 relicta
519 1825 616 1890 ironia,
627 1824 659 1876 ad
677 1823 814 1894 ingenium
829 1835 881 1877 sta·
935 1831 993 1899 pori
1007 1827 1197 1898 adquirendam
1212 1823 1377 1877 adhibebatur.
1395 1823 1433 1872 Iloc

322 1927 327 1938 ·
349 1909 400 1964 tim
418 1909 495 1964 redit.
521 1929 617 1963 mmma
637 1910 803 1980 nequidquam
821 1909 886 1979 pelle
936 1911 995 1972 loco
1018 1923 1105 1964 autern
1131 1909 1287 1980 intelligitur
1314 1905 1433 1958 lascivorum

351 1997 478 2058 decorus,
509 1996 553 2062 qui
577 1993 754 2065 nequidquam
780 2004 886 2048 esterna
935 1993 1071 2048 hominum
1094 1993 1232 2056 insolatio,
1246 1993 1290 2062 qui
1303 1991 1358 2044 nudi
1369 1989 1395 2040 ad
1404 2007 1432 2038 so·

350 2077 433 2148 specie
454 2077 546 2130 decora
565 2094 608 2140 ea,
633 2077 810 2147 nequidquam
835 2075 884 2130 bo·
935 2078 987 2132 lem
1007 2080 1113 2150 expositi
1131 2097 1241 2152 operam
1260 2077 1347 2130 dabant
1365 2073 1431 2141 dropt-

351 2171 479 2215 nestutem
491 2159 602 2225 similas,
614 2178 675 2230 prae
687 2171 712 2212 te
723 2159 784 2213 sers.
934 2163 1003 2216 elicis
1023 2173 1068 2216 aut
1084 2161 1273 2216 chromatiariis
1287 2201 1294 2225 ,
1306 2175 1398 2229 quorum
1408 2153 1433 2205 illi

387 2252 428 2300 ⁴5.
450 2246 555 2298 cuidam
571 2245 678 2309 iactare,
699 2261 812 2310 σαινειν,
825 2261 882 2314 spe·
935 2245 1082 2299 inhonestas
1095 2247 1212 2316 corporis
1224 2255 1305 2315 partes
1312 2239 1431 2312 depilahant,

351 2329 426 2383 ciosis
449 2329 591 2383 actionibus
611 2346 639 2382 se
663 2326 798 2380 venditare
817 2325 885 2396 apud
935 2328 963 2383 hi
977 2349 1068 2402 corpus
1083 2329 1267 2382 insumendum
1283 2321 1432 2380 carimate

352 2411 495 2484 populum,
519 2412 637 2464 savorem
662 2409 751 2481 populi
778 2421 887 2480 captare.
934 2423 1021 2467 terum
1044 2411 1304 2467 animadvertendum
1327 2417 1373 2470 est,
1393 2404 1430 2456 lla·

350 2497 419 2547 Cum
433 2495 482 2548 hoc
494 2493 634 2566 coniungas
647 2507 705 2545 mate
717 2495 801 2558 diem,
816 2493 886 2546 idem
934 2508 1018 2550 strum
1031 2497 1078 2550 sub
1094 2515 1205 2566 persona
1218 2494 1324 2548 Socratis
1335 2485 1433 2561 quamde

350 2581 420 2649 quod
442 2600 518 2650 supra
544 2592 602 2632 ante
619 2581 693 2649 pilos.
714 2579 824 2642 bhttdo,
842 2579 886 2648 qui
933 2580 1069 2636 licatulum
1090 2579 1168 2634 illurn
1189 2581 1374 2650 interrogasset,
1388 2587 1433 2641 quat

324 2669 327 2676 '
350 2663 501 2718 huiusmodi
525 2662 674 2716 hominibus
692 2681 795 2734 semper
807 2661 881 2716 blau·
934 2665 971 2720 illi
990 2687 1087 2720 swnma
1108 2667 1167 2720 horsi
1188 2677 1270 2727 esset,
1289 2658 1431 2715 nonhabetttt

350 2747 437 2814 ditur,
453 2767 570 2820 eosque,
590 2757 620 2800 ut
632 2747 661 2798 in
675 2745 816 2800 Alcibiadis
826 2747 884 2800 'vita
935 2750 997 2816 illo,
1020 2751 1084 2821 quid
1109 2749 1287 2821 responderet,
1303 2739 1432 2818 prcillore·

350 2828 461 2884 relatum
479 2830 605 2903 legimus,
628 2829 655 2881 in
679 2828 781 2882 coelum
804 2830 885 2882 effert.
934 2833 1077 2906 ‚pondisse

351 2915 441 2985 Specie
456 2915 528 2968 enim
552 2914 634 2986 magia
651 2931 770 2986 quamre
783 2912 886 2966 ducitur
971 2927 1010 2973 49.
1028 2919 1171 2988 Exspecta:
1192 2917 1258 2970 haud
1274 2911 1339 2966 oliui
1353 2923 1429 2976 respuo·

351 2997 502 3053 multitudo.
934 3005 992 3056 deut
1004 3003 1066 3054 haec
1075 3022 1144 3055 arius.
1159 3003 1280 3071 Exspecta
1288 3037 1296 3062 ,
1313 3005 1432 3068 quaeramus

390 3089 430 3137 46.
454 3083 542 3136 mlier
560 3083 677 3146 sorbere,
691 3100 754 3152 pro:
767 3077 885 3152 dignior,
934 3105 966 3137 ex
984 3083 1030 3138 hac
1050 3083 1167 3147 anicula,
1188 3081 1251 3154 quid
1269 3093 1386 3133 summum
1400 3071 1430 3122 ba

351 3165 396 3233 qui
409 3165 520 3220 sorbeas.
532 3169 672 3238 Anticyras
690 3183 812 3217 aruceus.
825 3166 881 3216 Art·
935 3187 999 3222 num
1020 3169 1167 3232 existimet,
1186 3181 1213 3222 et
1225 3165 1285 3219 baec
1296 3161 1376 3216 eadem
1386 3154 1431 3209 mihi

351 3251 434 3322 ticyra
451 3267 547 3304 nomen
559 3247 671 3301 duarum
685 3247 791 3300 urbium
805 3249 883 3300 mari·
935 3253 1117 3324 respondebit,
1134 3271 1200 3321 quae
1216 3261 1259 3315 tu;
1273 3241 1405 3318 quapropter
1414 3249 1430 3288 tu

351 3333 489 3400 timarum,
503 3330 530 3384 in
545 3332 656 3385 Phocide
667 3332 699 3385 ad
713 3332 801 3384 sinum
816 3331 884 3385 Cris·
935 3355 968 3388 ne
983 3355 997 3388 a
1010 3335 1134 3388 vilissima
1156 3333 1262 3402 quidem
1276 3321 1405 3383 muliercula
1413 3319 1430 3414 ip

350 3434 457 3482 saenm,
468 3416 532 3470 etin
543 3413 689 3468 Phthiotide
699 3413 731 3467 ad
744 3413 884 3467 Maliacum
934 3419 1022 3472 haere
1035 3417 1129 3471 differs.
1142 3419 1153 3467 i
1166 3437 1231 3470 amre
1239 3456 1248 3480 ,
1266 3407 1380 3466 inridendi
1397 3403 1428 3454 ht·

350 3499 447 3552 sinum.
466 3503 496 3554 ln
509 3499 640 3568 utriusque
658 3519 719 3571 agro
744 3508 884 3568 prouentus
933 3502 977 3556 bet
1003 3502 1066 3556 vim.
1092 3503 1144 3552 lam
1171 3517 1251 3570 apage
1276 3507 1315 3561 te,
1339 3485 1430 3552 intelligis

351 3595 407 3638 erat
427 3581 568 3648 hellebori,
587 3603 639 3652 quo
653 3583 721 3635 inter
734 3581 797 3636 ulios
811 3601 881 3634 mor·
934 3587 1022 3649 enim,
1036 3601 1145 3653 quarum
1160 3601 1248 3635 rerum
1261 3579 1343 3632 fiducia
1355 3571 1380 3624 ud
1392 3583 1429 3619 ΜΠ

350 3669 397 3722 bos
410 3667 630 3738 etiamyinsaniam
647 3678 748 3720 veteres
761 3665 884 3736 putabant
934 3668 1062 3740 publicam
1075 3663 1304 3720 administrandam
1311 3651 1429 3713 admiseris,

350 3771 424 3822 posse
447 3755 543 3806 anari.
574 3755 656 3822 Saepe
682 3754 810 3824 Autiqrru
835 3769 882 3820 pro
934 3751 972 3805 nil
994 3751 1040 3804 tibi
1064 3749 1161 3820 reliqui
1181 3749 1232 3802 leci
1254 3736 1395 3817 praeterii,
1411 3739 1429 3782 ¹¹¹

350 3836 483 3892 helleboro
495 3839 608 3908 ponitur.
643 3841 783 3912 Anticyras
796 3857 879 3891 mera·
934 3836 1016 3889 dicas:
1036 3834 1139 3908 generis
1161 3833 1213 3886 mei
1233 3819 1429 3901 splendoreuitettt

349 3943 392 3976 cas
405 3923 422 3977 i.
436 3943 460 3975 e.
469 3921 630 3974 helleborum
648 3940 759 3974 merum.
774 3922 879 3974 Sensus:
933 3929 1018 3972 tuntas
1036 3917 1139 3987 spiritus
1161 3914 1219 3984 alo;
1241 3923 1265 3966 et
1281 3923 1370 3982 perme
1382 3901 1429 3958 alu.

349 4017 379 4059 tu
396 4005 441 4077 qui
461 4006 545 4078 potius
563 4004 695 4060 helleboro
716 4023 789 4058 mero
810 4021 881 4057 essee
934 4001 1095 4066 dummodo,
1115 4012 1140 4055 te
1153 4019 1206 4084 pon
1224 3995 1302 4068 magis
1320 4003 1385 4061 quam
1398 3979 1427 4034 th

350 4091 489 4144 sanandus.
502 4091 579 4144 Notat
592 4090 640 4144 hoc
653 4089 766 4143 insaniae
784 4087 848 4142 virrr.
933 4087 1100 4141 iectissimam
1117 4102 1247 4157 quamque
1271 4075 1390 4133 mulierem
1403 4082 1428 4114 u·

385 4181 427 4229 tt.
438 4175 508 4245 Quae
524 4175 570 4228 tibi
582 4193 677 4227 amasam
690 4175 747 4225 boni
759 4185 813 4236 est,
826 4171 844 4226 i.
859 4191 882 4225 e.
933 4189 1011 4242 pere,
1032 4169 1142 4222 fatearis.
1165 4167 1289 4234 Posterius
1309 4158 1379 4214 tribus
1395 4165 1422 4200 π’

350 4257 483 4326 quodnam
504 4268 532 4311 tu
550 4275 685 4310 summum
712 4255 810 4308 bouum
823 4255 877 4308 exi·
935 4253 1072 4326 quentibus
1086 4253 1201 4306 versibus
1212 4261 1249 4303 est
1261 4251 1394 4315 expressum·

351 4341 448 4394 stimas.
471 4361 496 4394 a.
514 4341 547 4394 ad
568 4343 617 4407 111,
638 4345 680 4397 60.
699 4354 771 4392 amia
796 4342 884 4394 vixisse
969 4343 1010 4393 20.
1032 4337 1203 4390 Diuormcbes
1223 4351 1269 4404 ego
1283 4315 1425 4388 utmifflfflffl

328 4429 335 4437 ’
351 4427 461 4496 patella,
476 4425 539 4480 cibis
552 4423 737 4480 delicatissimis
751 4423 796 4480 uti.
934 4441 985 4475 arun
1000 4421 1129 4474 candidas.
1144 4433 1208 4472 esto:
1221 4415 1290 4484 suffla
1301 4429 1330 4464 sc.
1344 4405 1426 4457 tucca,
1478 4431 1479 4478 p
