3120 5494
539 427 697 496 ‘SleRb
735 435 778 495 ll·

1121 405 1239 535 Ι375

111 645 194 726 Bito
209 661 340 722 tunes.
365 645 481 724 tter-io
494 643 566 718 iam
585 643 697 716 tertia
713 637 872 716 dantur
889 641 1013 718 uaort
1158 731 1161 737 Ι

113 768 217 840 Haec
237 779 366 840 sonate
386 775 430 836 ut
448 777 600 864 posces,
619 755 805 832 Tiberino
824 757 865 830 in
885 762 1037 860 gurgite
1056 759 1193 860 mergis
1213 799 1243 846 «ς

29 981 31 986 Ι
113 885 227 958 Mauo
246 895 362 985 caput
379 867 436 954 bie
455 889 613 978 temno,
632 887 671 948 st
690 889 841 953 noctem
861 871 1020 950 flumine
1037 897 1190 984 purgas.

114 1087 201 1140 ximus
226 1095 351 1158 agnatus,
376 1081 408 1138 ad
442 1095 522 1152 mem
548 1081 654 1152 tuque,
705 1087 793 1144 curat,
814 1089 931 1152 quarum
947 1079 1027 1152 igitur
1046 1099 1106 1134 cuna
1127 1079 1188 1135 dote
1200 1099 1244 1135 es·

113 1167 214 1242 pupillo
231 1177 352 1235 mortuo,
369 1159 498 1221 hereditas
519 1167 656 1236 pervenire
705 1175 820 1236 spectaro
846 1165 934 1236 possit.
967 1162 1091 1219 Ceterum
1117 1167 1243 1219 avaritiae

116 1253 243 1322 debebat;
261 1247 312 1306 lanc
331 1249 448 1306 indicant
469 1247 566 1304 vnto:
584 1261 655 1321 quem
707 1257 816 1316 smssnn
835 1257 882 1321 pet‘
900 1237 1061 1305 teuleuttae
1078 1243 1245 1322 significatio·

113 1343 245 1410 prosimus
257 1337 326 1389 berea
335 1333 437 1406 trapello.
458 1335 490 1387 ln
501 1336 548 1387 th
560 1333 656 1388 tabulit
705 1353 769 1388 mm
789 1353 958 1407 expressim.
974 1347 1118 1406 utrumqne
1132 1337 1245 1401 sitium,

115 1441 211 1492 nempe
226 1411 340 1502 legitur:
355 1425 378 1473 si
391 1433 464 1492 poter
478 1421 651 1493 fermilinsiu·
704 1429 736 1472 ut
757 1418 823 1474 solet
840 1439 911 1484 esse,
938 1423 1109 1476 coniunctum
1135 1420 1244 1492 egregie

75 1563 81 1576 Ι
114 1519 206 1558 testato
222 1509 341 1570 moritur,
354 1509 393 1556 cui
410 1502 655 1575 irtprdessuusberes
706 1503 830 1558 declarat.
900 1493 903 1500 ¹

113 1594 191 1653 escit,
209 1601 317 1659 agnuam
332 1591 462 1658 proximus
473 1587 575 1640 ouetnm
592 1605 654 1638 nats·
742 1595 783 1646 45.
800 1596 841 1644 46.
866 1589 939 1643 Haeo
964 1609 1000 1645 sc.
1028 1600 1082 1643 tarn
1109 1587 1247 1654 nefanda,

113 1678 187 1727 citor.
206 1673 289 1725 Huius
306 1670 402 1726 tutelae
416 1670 483 1726 ratio
500 1669 655 1724 continebas
704 1685 788 1726 amne
800 1687 826 1727 ut
836 1693 927 1745 poscas
936 1683 987 1737 sut
1001 1681 1062 1728 vota
1080 1670 1246 1726 sceleratissi-

117 1767 162 1812 tur
175 1757 203 1809 iu
216 1775 259 1827 spe
270 1755 437 1809 mbnessionis
444 1794 454 1819 ,
471 1763 516 1820 ut,
529 1755 574 1824 qni
584 1771 654 1807 com-

115 1840 228 1894 modum
252 1837 358 1892 haberet
373 1837 555 1904 subcessionis,
582 1837 655 1892 ident

117 1943 185 1978 onus
198 1919 292 1978 tutelae
306 1921 454 1993 susciperet.
470 1911 557 1975 Maior
568 1921 655 1992 itaque

115 2006 212 2062 litanti
225 2005 344 2077 inpietas.
357 2023 438 2078 quum
450 2005 482 2059 sit
492 2005 519 2058 in
528 2001 655 2076 pupillum

115 2101 289 2162 conceptum.
301 2089 345 2158 qui
367 2079 438 2142 illius
451 2079 612 2158 inpurissimi
627 2090 655 2141 fi-

117 2171 160 2227 dei
184 2183 210 2226 et
231 2169 325 2227 tutelae
343 2181 398 2224 erat
419 2166 582 2226 commissus.
612 2165 655 2224 bd

117 2255 189 2332 qnod
204 2267 292 2311 tamen
309 2263 401 2308 votum
422 2253 569 2308 laciendum
584 2263 656 2308 tutor

119 2340 196 2396 facile
219 2339 356 2412 cupiditate
376 2347 402 2393 et
421 2338 529 2394 avaritia
555 2344 657 2409 poterat

118 2427 233 2499 perduci,
249 2427 402 2496 praesertim
420 2443 501 2494 quum
516 2441 595 2478 nemo
611 2423 655 2477 l'a-

118 2511 208 2575 cilius,
229 2529 307 2582 quam
331 2512 394 2580 ipse,
414 2505 490 2562 buius
503 2507 557 2562 voti
572 2519 657 2579 posset

118 2613 225 2666 compos
246 2595 320 2662 fieri,
339 2593 421 2648 modo
438 2592 474 2646 ita
489 2592 516 2646 id
528 2595 613 2658 fieriu,
628 2601 656 2646 nt

118 2677 191 2752 leges
205 2687 232 2732 et
245 2675 340 2732 iudicia
358 2685 518 2731 mvuentnr.
532 2675 660 2751 Hancigi·

120 2772 164 2817 tna·
190 2761 354 2834 expungendi
370 2779 416 2814 sen
438 2759 548 2814 tollendi
564 2752 656 2831 pupilli

117 2847 341 2918 obportunitntem
356 2863 371 2897 a
384 2843 440 2897 Diis
454 2851 525 2898 tutor
543 2845 590 2897 iste
601 2862 656 2914 pre·

117 2931 172 2983 cari
189 2929 302 2984 videtur.
322 2925 530 2980 Adcommodate
543 2923 569 2979 h.
583 2921 601 2980 l.
615 2931 656 2978 tn·

114 3015 186 3088 pello
202 3033 266 3088 pros
281 3031 390 3084 seqttor3
405 3009 519 3065 studium
531 3010 602 3064 enim
621 3011 655 3064 si-

118 3097 175 3151 mul
195 3083 368 3151 submovendi
390 3095 587 3149 antecedentem
610 3091 653 3148 in·

118 3181 213 3238 volvit.
228 3171 346 3254 Namque
362 3196 398 3234 cst
408 3181 535 3234 scabiosus.
547 3177 656 3234 Adiecta

118 3281 211 3334 causa,
229 3275 363 3338 tamquam
378 3259 410 3316 ab
426 3262 515 3318 animo
528 3259 657 3317 benevolo

118 3362 213 3406 toturn
243 3347 292 3403 boc
320 3348 511 3418 proficiscatur,
549 3361 658 3416 corpore

119 3437 192 3489 enim
212 3425 332 3488 morbido
353 3431 434 3486 utitur
446 3441 474 3485 et
495 3429 576 3485 vtum
591 3419 658 3484 vivit

118 3519 270 3578 insuavem.
281 3535 332 3589 qua
345 3511 458 3569 libenter
473 3513 528 3584 ipse
542 3521 657 3566 mortem

119 3601 300 3657 commutabit.
313 3601 429 3653 Omnem
437 3617 492 3652 rem
501 3607 655 3668 conr-uptam

119 3685 253 3743 luvenalis
276 3704 380 3759 quoque
405 3685 543 3738 scabiosum
570 3691 656 3737 vocat.

120 3773 188 3828 Acri
198 3772 249 3825 bile
265 3765 356 3833 tumn,
374 3766 493 3842 δριμεῖαν
509 3767 594 3840 χολὴν
614 3763 655 3820 ἲν·

120 3853 166 3911 dou
179 3851 242 3928 ἔχιι.
255 3855 294 3907 De
306 3853 380 3908 omni
392 3851 485 3906 morbo
501 3849 550 3904 boc
566 3860 605 3904 est
616 3849 659 3901 in-

121 3937 313 4009 telligendum,
332 3938 375 4007 qui
393 3936 476 3990 nimia
495 3933 557 3988 bilis
574 3931 657 3986 abun-

123 4023 213 4077 dantia
238 4020 305 4076 solet
329 4019 456 4096 excitari..
488 4031 564 4072 tumet
580 4017 662 4072 abun·

123 4107 239 4162 dantiant
257 4105 316 4160 bilis
333 4106 415 4176 ipsam
429 4103 534 4158 indicat.

159 4199 199 4246 tt.
219 4189 302 4245 Nerio
322 4191 375 4243 iam
388 4193 463 4242 tertia
476 4189 575 4241 ducitasr
587 4205 658 4240 uror.

124 4279 228 4332 Avarus
248 4277 295 4329 iste
315 4293 368 4327 non
381 4283 467 4344 aperte
480 4283 540 4326 vota
553 4290 600 4325 sua
617 4289 660 4322 ex·

123 4361 225 4432 primit,
239 4359 350 4414 altensm
363 4359 467 4412 beatum
480 4353 662 4427 praedicando,

125 4441 171 4513 qni
189 4438 292 4498 tertiam
309 4440 362 4495 iarn
378 4457 488 4494 uxorem
505 4435 662 4492 efferendam

705 1773 749 1808 ma
771 1756 826 1810 Diis
851 1757 993 1828 probentur
1020 1767 1154 1826 tamquam
1180 1773 1246 1826 pura

704 1849 793 1892 mente
813 1839 880 1895 sucta
892 1833 962 1910 (ouis
976 1839 1162 1894 non'adnoscit
1178 1858 1243 1910 grn-

705 1923 814 1980 vitatem
833 1936 860 1980 et
878 1915 933 1978 vim
944 1963 954 1992 ,
966 1945 1016 1996 qua
1032 1925 1095 1979 haee
1106 1927 1245 1978 enunciata

705 2004 812 2078 suntl);
833 2009 952 2064 Tiberino
965 2013 992 2063 iu
1006 2015 1107 2082 gurgite
1125 2019 1174 2064 cet.
1189 2027 1245 2060 cae·

705 2092 830 2147 tintenias
851 2103 878 2146 et
896 2095 958 2148 ritus
979 2091 1171 2164 religiosissime
1191 2091 1240 2145 ob·

706 2195 801 2233 ursas
814 2178 990 2250 Reprehendit
1004 2177 1132 2231 nimirum
1149 2177 1244 2230 Noster

707 2279 768 2330 eos,
783 2262 829 2336 qui
842 2263 1042 2326 castimoniam,
1057 2281 1109 2332 qua
1119 2259 1247 2319 deberent

707 2337 739 2399 ad
754 2349 824 2400 Deos
837 2343 972 2412 adcedens,
986 2343 1014 2398 in
1028 2352 1247 2414 corporetantum

706 2431 783 2484 sitam
796 2451 851 2484 esse
862 2440 993 2502 putarent,
1008 2431 1129 2500 pietatem
1144 2447 1205 2482 vero
1217 2437 1245 2482 et

705 2511 883 2587 integritatem
897 2513 1037 2576 assentisset
1048 2522 1168 2565 votorum
1179 2512 1249 2583 ipso·

706 2615 767 2650 runt
788 2608 879 2650 natura
896 2595 958 2651 sutis
975 2595 1078 2650 abunde
1097 2595 1244 2660 indicaret,

706 2680 817 2752 turpiter
830 2679 1001 2752 negligerent.
1022 2679 1168 2750 Quomodo
1179 2697 1240 2750 pre·

707 2783 749 2818 aes
768 2775 795 2819 et
815 2774 873 2817 sota
890 2747 1030 2816 bominuln
1049 2781 1063 2816 a
1079 2763 1143 2815 love
1164 2753 1246 2814 exad-

707 2847 831 2912 diantur‚
851 2843 937 2918 lepide
954 2856 1120 2900 commentus
1144 2855 1183 2898 est
1196 2831 1248 2896 Lu'·

705 2931 794 2986 cianus
806 2929 991 3000 lcaromenipp.
1005 2930 1038 2984 T.
1047 2931 1079 2993 11,
1094 2949 1119 3000 p.
1129 2933 1174 2984 nst
1189 2947 1245 2998 seq.

706 3015 749 3071 ed.
761 3013 832 3068 Reiz.
845 3005 891 3067 ulii
904 3011 988 3066 multa
1004 3029 1107 3082 quoqne
1121 3021 1182 3065 vota
1196 3009 1241 3064 in·

706 3099 749 3171 pie
765 3109 791 3152 et
803 3095 879 3153 stulte
891 3097 958 3151 sacta
971 3096 1146 3167 proferuntur.
1168 3095 1244 3150 Tite·

706 3188 763 3237 rino
786 3186 813 3235 in
836 3186 936 3254 gingius
960 3183 1051 3252 mergis
1069 3181 1152 3233 Mons
1168 3191 1243 3250 eaput

708 3261 745 3319 bis
770 3279 864 3336 terque.
892 3265 999 3334 Gurgite
1023 3282 1091 3332 pro:
1118 3261 1240 3314 flumine.

707 3347 864 3421 Priusquam
878 3345 911 3400 ad
928 3346 996 3399 Deos
1013 3343 1183 3407 adsederent,
1199 3353 1244 3396 aut

708 3447 780 3488 sacra
795 3433 853 3488 Diis
870 3431 997 3493 lacerent,
1015 3448 1122 3500 corpus,
1134 3439 1177 3482 aut
1190 3447 1247 3481 ma·

708 3537 759 3571 nus
786 3527 890 3571 tantum
901 3555 911 3580 ,
935 3514 978 3569 vel
995 3533 1061 3585 aqua
1082 3513 1184 3566 marina
1204 3507 1247 3567 vel

709 3595 809 3656 lluaiall
834 3597 937 3654 abluere
959 3617 1016 3651 mos
1032 3607 1088 3649 erat
1104 3596 1136 3648 ab
1153 3593 1247 3648 ultima

709 3683 761 3737 iam
781 3683 943 3754 antiquitate,
962 3691 992 3734 ut
1005 3700 1037 3733 ex
1050 3681 1167 3732 Homero
1182 3697 1245 3731 oon·
1304 3712 1309 3724 ·

709 3779 774 3834 atat,
799 3767 966 3832 observatum
981 3785 1032 3835 qno
1044 3764 1251 3818 admonerentur

710 3853 831 3908 homines
842 3895 850 3920 ,
863 3863 893 3906 ut
912 3869 1004 3922 corpus
1021 3849 1096 3902 omni
1113 3845 1252 3920 squalore,¹

711 3938 749 3991 sic
762 3935 840 3990 etium
852 3935 971 3989 animum
990 3949 1005 3986 a
1017 3933 1143 3986 vitiorum
1155 3940 1251 3983 conta-

713 4021 757 4094 gio
774 4037 868 4092 purum
880 4035 936 4072 esse
948 4016 1051 4070 debere.
1076 4013 1180 4086 Terque.
1195 4011 1249 4066 Nu·

714 4123 803 4157 merus
820 4099 910 4158 ternus
927 4100 955 4154 ln
976 4097 1017 4152 his
1033 4097 1109 4150 rebus
1133 4095 1247 4149 usitatis·

711 4187 799 4243 aimus.
811 4181 908 4237 Tibull.
921 4185 944 4248 1,
965 4187 1005 4235 tt.
1020 4187 1062 4235 34.
1076 4177 1248 4252 Virgilben.

711 4271 757 4334 Vl,
770 4269 830 4320 229.
842 4265 947 4318 Petron.
963 4267 1024 4316 431.

748 4359 790 4405 46.
804 4363 828 4404 et
845 4365 943 4404 noctem
948 4350 1062 4420 flumine
1074 4363 1175 4418 mergos.
1190 4343 1251 4401 No·

713 4449 777 4490 otene
796 4435 882 4506 posuit
899 4451 946 4504 pro
966 4433 999 4487 its
1015 4429 1160 4497 omnibus,
1183 4443 1251 4500 quaa
