3098 5498
561 364 715 444 ι,4444444
759 363 819 423 xt.

120 562 415 665 Pendentisque
433 561 500 634 Dei
520 563 690 666 perituro
714 561 930 638 ostenderet
948 560 1056 634 hosti.

120 683 293 784 Argenti
322 679 429 782 quod
455 698 558 768 erat,
577 678 666 755 solis
687 679 858 784 fulgebat
874 681 913 752 in
934 679 1056 754 armis.

122 799 334 874 Ponebant
351 799 467 900 igitur
487 801 612 872 Tusco
632 796 773 872 farrata
794 799 920 870 catino

124 915 269 987 Omnia
288 932 402 1002 tunc,
420 913 560 1017 quibus
579 912 769 1002 invideas,
789 916 818 986 si
837 905 1017 990 lividulus
1036 907 1095 982 sis.

1216 941 1264 990 440

125 1026 383 1132 Templorum
402 1055 558 1132 quoque
577 1031 747 1103 maiestas
766 1031 1015 1138 praesentior,
1033 1037 1072 1096 et
1091 1047 1163 1096 vox

127 1148 255 1221 Nocte
274 1144 354 1219 fere
373 1144 495 1219 media
522 1143 759 1249 mediamque
779 1143 908 1218 audita
927 1169 996 1246 per
1014 1136 1175 1228 Vrbem,

131 1263 264 1336 Litore
282 1261 329 1334 ab
348 1263 490 1336 Oceani
506 1259 624 1336 Gallis
643 1261 881 1338 venientibus
898 1277 937 1333 et
958 1259 1023 1332 Dts

134 1379 305 1451 Officium
326 1380 419 1454 vatis
437 1378 728 1480 peragentibus,
748 1377 805 1452 his
824 1376 971 1452 monuit
994 1399 1075 1448 nos.
1114 1433 1121 1446 .

132 1495 240 1567 Hanc
261 1493 375 1569 rebus
394 1495 509 1568 Latiis
527 1520 656 1568 curam
677 1511 869 1598 praestare
884 1489 1029 1567 solebat

1213 1523 1262 1572 441

130 1608 275 1685 Fictilis
294 1629 333 1684 et
354 1609 462 1684 nullo
482 1609 642 1687 violatus
661 1611 807 1715 Iupiter
828 1636 932 1684 auro.

128 1724 204 1801 Illa
224 1727 325 1802 domi
343 1745 448 1800 natas
465 1745 671 1831 nostreque
690 1754 734 1801 ex
755 1727 892 1800 arbore
912 1748 1056 1798 mensas

129 1846 324 1950 Tempora
345 1843 523 1920 viderunt
535 1871 544 1934 ;
564 1845 631 1920 hos
652 1843 798 1946 lignum
818 1841 941 1918 stabat
956 1843 995 1914 in
1012 1863 1122 1924 usus,

130 2065 195 2099 curu
222 2048 313 2117 clypeo
339 2061 363 2100 et
388 2047 468 2102 nasta.
494 2051 527 2100 Η.
557 2045 672 2102 Valesius

133 2127 276 2200 legendum
296 2129 399 2199 putabat
413 2129 525 2201 effigiem
539 2134 565 2182 444
584 2133 673 2203 clppeo

134 2217 267 2265 venientis.
285 2211 410 2266 Nonnulli
421 2213 547 2283 iungunts
560 2214 673 2284 effigiem

132 2297 189 2351 Det
210 2299 238 2349 in
265 2297 357 2368 clypeo
381 2310 405 2349 44
428 2297 501 2350 hasta
528 2299 671 2352 4444444444.

133 2378 188 2432 8441
211 2379 343 2449 quomodo
365 2385 443 2432 cassis
463 2382 563 2434 4444444
590 2386 673 2448 (nam

132 2461 185 2515 ltoc
199 2463 344 2516 subiectum
362 2473 416 2526 est,
435 2483 488 2516 non
502 2465 595 2532 utiles)
609 2464 668 2534 effi·

130 2551 204 2618 giem
219 2549 269 2599 Det'
282 2547 310 2598 in
324 2548 414 2618 clypeo
426 2561 449 2600 et
462 2547 534 2600 144444
546 2549 673 2602 ostendere

130 2630 236 2700 potest?
254 2631 304 2682 Pro
316 2633 435 2684 4444444444
446 2629 541 2703 legitur
551 2631 673 2702 fislgentis

128 2713 162 2766 144
182 2717 222 2766 444.
245 2717 285 2766 42.
308 2719 349 2766 44.
373 2719 413 2768 45.
431 2720 539 2768 41-21.
562 2719 672 2768 45-541.

132 2801 243 2852 54-09.
276 2803 386 2852 74-74,
418 2807 444 2850 44
471 2799 569 2851 XXXII
597 2800 672 2853 MSS.

130 2880 214 2934 Paris.
233 2881 304 2934 unde
325 2880 391 2934 illud
406 2882 519 2935 restituit
530 2882 596 2936 44414.
620 2883 672 2936 Sed

129 2959 204 3014 haud
218 2959 295 3014 dubie
305 2962 367 3016 haee
378 2973 417 3015 est
430 2963 591 3028 emendatio,
604 2983 673 3036 quoe

129 3064 146 3098 e
159 3045 276 3117 margine
290 3047 317 3100 in
329 3057 479 3101 contextum
491 3047 599 3119 irrepsit.
614 3052 672 3103 Dis-

130 3128 211 3201 plicet
230 3131 310 3184 etiam
330 3130 379 3183 hoc
399 3131 524 3200 verbum,
551 3133 672 3202 quoniam
736 3165 739 3176 =

130 3232 193 3266 mos
215 3216 339 3285 sequitur.
365 3218 444 3269 Poto
466 3217 554 3270 1444444
573 3218 673 3288 scripsit

133 3303 282 3352 momen.

169 3387 227 3436 407.
244 3381 425 3454 Pmdentieque
434 3387 476 3439 72.
486 3383 673 3457 Pendentetque

133 3461 187 3532 (de
202 3461 281 3533 lupa)
299 3464 370 3528 deos,
388 3464 530 3518 Romulum
543 3469 671 3519 Remum·

19 3602 25 3611 ,
133 3563 204 3619 que,
222 3548 358 3600 4444444444
383 3547 449 3601 144444
471 3547 544 3617 (scil.
568 3549 673 3604 admoto

132 3635 227 3700 44444)
255 3632 359 3684 emend.
382 3633 452 3704 Lips.
477 3635 561 3686 Fuere
578 3634 671 3698 etiarn,

134 3715 182 3788 qui
196 3713 335 3786 legendum
351 3727 474 3788 putarent
492 3717 674 3786 Perdenn'rqne

132 3800 200 3864 Dei,
218 3811 248 3854 ut
268 3802 374 3872 perderes
400 3803 459 3858 444444
481 3803 508 3856 14.
527 3802 546 3858 l.
563 3809 673 3875 perituro

137 3885 203 3940 144444
215 3898 398 3956 opponeretur.

172 3973 230 4024 408.
246 3979 304 4040 post
317 3989 343 4024 ν.
363 3975 420 4025 409.
435 3971 519 4042 pontit
535 3969 601 4026 Acir.
614 3970 674 4042 quie

134 4069 167 4106 eo
180 4051 239 4108 loeo
259 4051 355 4125 legitur
377 4054 406 4108 in
429 4062 455 4110 7.
475 4065 514 4110 44.
538 4063 578 4109 47.
593 4061 632 4110 20.
649 4066 675 4110 44

136 4137 264 4191 vetustiss.
278 4137 353 4192 eodd.
368 4139 448 4193 Paris.
468 4151 494 4194 st
510 4139 586 4211 plane
603 4141 674 4196 abest

135 4219 169 4274 414
188 4227 228 4275 44.
244 4227 284 4276 tt.
299 4234 325 4276 et
344 4225 380 4278 111
395 4223 555 4278 1188144444
571 4235 597 4280 et
613 4223 671 4277 len·

136 4317 198 4376 gott
212 4317 269 4376 post
284 4306 367 4362 44144.
382 4311 439 4363 400.
457 4327 510 4378 seq.

172 4395 230 4449 444.
249 4390 320 4525 agen
341 4392 374 4449 44
392 4397 432 4448 44.
449 4392 559 4466 firmos
581 4397 621 4449 44.
635 4395 676 4448 44.

724 2051 832 2100 47-214,
849 2051 892 2100 23.
909 2051 949 2100 27.
977 2051 1017 2098 46.
1040 2050 1082 2096 47.
1100 2047 1142 2094 49.
1162 2045 1202 2090 5⁴.
1218 2045 1259 2092 61.

723 2152 819 2186 serraca
833 2137 874 2186 60.
891 2151 992 2184 sarraca
1006 2129 1140 2182 tt-Pnsr
1157 2131 1239 2176 catino
1245 2163 1256 2188 ‚

722 2235 776 2269 non
797 2225 853 2287 post
870 2227 945 2278 44444,
962 2213 1155 2266 distinctionem
1168 2207 1255 2279 posui,

723 2309 861 2370 praeeunte
876 2308 929 2351 vet.
944 2295 1032 2350 Schol.

758 2401 816 2452 440,
833 2411 884 2450 44444
903 2400 945 2450 22.
961 2415 1024 2448 sume
1039 2398 1077 2448 46.
1172 2436 1175 2442 .

758 2504 816 2553 443.
831 2499 916 2550 litore
928 2511 952 2550 et
964 2501 1050 2550 4444444
1061 2501 1103 2548 46.
1115 2497 1157 2546 ts.
1172 2491 1258 2543 Litore

723 2583 754 2634 ab
779 2584 881 2635 occiduo
901 2581 993 2633 rectius
1013 2580 1099 2632 forsan
1124 2583 1149 2630 6.
1162 2573 1258 2626 iudicio

722 2665 801 2718 4444444
815 2666 901 2720 Pulm.
919 2673 945 2718 et
957 2659 1153 2718 Schurzsseisch.
1171 2659 1258 2710 Litore

722 2749 754 2800 40
766 2765 858 2800 4444444
872 2751 913 2799 65.
927 2753 953 2797 et
966 2744 1019 2798 4144,
1033 2761 1120 2812 v.sup.
1136 2739 1203 2791 ad'v.
1213 2743 1255 2789 94.

758 2853 816 2899 444.
832 2849 885 2900 Vos
900 2845 939 2898 1444
951 2863 1042 2916 parum
1059 2837 1196 2894 commoda
1209 2848 1256 2890 est.

722 2931 768 2984 1444
788 2930 901 3001 reposuit
928 2925 1067 2990 1144414411,
1094 2924 1192 2978 adiecta
1209 2923 1257 2974 hac

722 3025 800 3068 nota:
819 3015 903 3078 “lros,
917 3013 935 3066 i.
950 3032 973 3064 4.
987 3009 1077 3064 Gallos
1087 3010 1258 3061 adventantes

722 3110 749 3152 44
764 3099 905 3152 4414414444
921 3099 1063 3149 irruentes:
1083 3112 1170 3145 moneo
1184 3090 1256 3142 enirn

723 3181 853 3252 duplicem
872 3179 939 3252 regit
956 3177 1163 3240 accusativum„
1181 3177 1258 3228 Prae-

721 3267 814 3320 stiterit
831 3267 887 3329 1444,
908 3267 1018 3326 Romae,
1041 3271 1069 3314 ut
1092 3277 1182 3314 sensus
1207 3255 1256 3309 sits

723 3371 772 3406 vox
800 3351 910 3404 deorum
936 3353 1032 3402 Romae
1064 3343 1255 3417 praesentium,

723 3453 776 3489 nou
794 3435 891 3490 oraculi
908 3431 1038 3505 peregrini
1052 3431 1153 3484 monuit
1167 3446 1222 3479 nos.
1294 3441 1302 3456 “

759 3541 816 3591 446.
838 3537 932 3588 4414444
950 3537 1095 3588 4444444444
1120 3533 1149 3583 in
1172 3545 1258 3599 marg.

723 3621 780 3674 cod.
794 3617 924 3673 Almelov.

760 3719 878 3774 4481444
901 3721 1008 3770 40-24.
1032 3720 1072 3770 27.
1098 3713 1208 3768 45-50.
1226 3715 1256 3762 54

724 3810 800 3858 -69.
820 3810 928 3860 71-73.
945 3806 973 3854 t'tt
989 3821 1043 3854 444444
1056 3803 1097 3852 tt.
1114 3807 1154 3852 44.
1174 3801 1213 3848 42.
1227 3799 1259 3847 46

723 3889 1135 3958 -24.27.48.54-69.74-74.
1152 3882 1259 3934 Vtrum-

724 3991 772 4042 que
799 3973 878 4024 etiturl
899 3980 980 4024 exstat
1005 3971 1033 4023 in
1054 3966 1178 4021 omnibus
1203 3963 1259 4016 sere

724 4057 800 4110 Mss.
817 4054 896 4108 Paris.
910 4063 935 4107 et
948 4052 1095 4108 restitutum
1107 4060 1146 4104 est
1158 4068 1172 4101 s
1184 4047 1259 4101 uobis

724 4161 786 4211 pro:
804 4141 850 4193 1444
861 4140 958 4210 lignum
971 4139 1050 4191 444444
1060 4137 1096 4189 ed
1104 4155 1172 4198 444444,
1189 4133 1258 4204 quod

724 4223 751 4278 in
766 4221 822 4276 aliis
833 4222 907 4276 libris
921 4221 1019 4294 legitur.
1037 4220 1082 4276 oid
1093 4223 1197 4273 Comus.
1212 4217 1264 4270 loo

725 4310 821 4379 tigmm
843 4319 874 4360 n.
895 4311 922 4360 44
947 4325 1002 4365 usus
1019 4326 1043 4366 c.
1062 4307 1121 4366 Pus.
1145 4306 1261 4361 tos-m

726 4411 781 4446 44444
797 4410 819 4448 4.
835 4389 907 4448 Alex.
