3028 5492
428 400 666 468 rosatuvu
701 401 978 468 nrvuusouvu
1195 371 1265 484 lix

133 599 237 694 quium
269 609 305 668 et
330 601 419 670 anilis
437 603 620 691 superstitio.
655 601 795 672 Honores
821 625 887 672 uon
906 601 1068 672 virtutibus
1085 605 1265 694 meritisque
1312 677 1318 690 ,

133 696 299 788 patebant,
320 699 375 767 aed
396 699 445 766 uel
464 701 579 765 divitiis
600 711 630 765 et
652 701 824 780 nobilitati,
859 701 907 766 rel
928 702 1069 768 sordibus
1089 703 1266 790 artibusque

135 797 315 863 lubuuestia.
337 802 361 863 Λ
382 797 491 864 studiis
519 799 720 864 severioribus
752 800 841 884 plane
870 797 1078 890 abhorrebunt
1103 801 1265 867 bominum

137 895 270 980 ingenia,
294 918 396 981 quum
417 897 536 962 luxuria
556 909 648 982 atque
669 896 810 961 libidines
832 919 894 960 nou
915 898 1054 984 corporis
1068 909 1197 976 tantum,
1211 899 1266 964 aed

136 992 215 1054 animi
237 993 339 1056 etiam
363 995 441 1056 uires
459 995 656 1078 vigoremque
670 1016 792 1056 omnem
814 995 1053 1077 exstinguerent.
1073 996 1135 1076 Qui
1157 996 1265 1080 philo·

136 1087 300 1169 sopborum
324 1109 439 1152 nornen
461 1099 492 1150 et
513 1112 623 1153 munus
646 1089 887 1172 profitebantur,
917 1091 942 1150 si
963 1089 1110 1152 Senecam
1133 1101 1165 1154 et
1184 1089 1267 1153 Cor-

135 1193 233 1244 nutum
260 1183 408 1259 Stoicos,
428 1183 565 1266 aliosque
578 1183 743 1246 admodum
758 1206 871 1268 paucus
886 1185 1066 1269 exceperis,
1095 1185 1147 1250 rei
1176 1187 1267 1250 volu·

131 1287 245 1364 piatam
269 1280 434 1344 illecebris
455 1283 539 1366 capti
561 1281 711 1365 Aristippi
725 1292 755 1344 et
778 1282 918 1364 Epicuri,
939 1281 986 1344 vel
1007 1283 1179 1365 disputandi
1194 1295 1268 1347 tan-

130 1381 185 1432 tum
208 1373 392 1457 cupiditate
424 1375 509 1439 ducii
541 1377 722 1440 Academiae
752 1374 944 1460 disciplinam
973 1377 1188 1456 sectabantur,
1218 1395 1266 1458 vet

125 1467 185 1530 sula
207 1493 317 1536 uanae
338 1470 547 1534 ostentationis
566 1495 653 1536 causa
667 1473 840 1536 Stoicorum
856 1485 1016 1558 praecepta
1032 1485 1063 1540 et
1075 1478 1263 1560 gravitatem,

127 1584 188 1627 uon
212 1567 281 1634 vita
304 1577 337 1630 et
358 1569 516 1644 moribus,
537 1570 589 1630 sed
609 1569 728 1646 verbis,
749 1569 862 1644 barba,
893 1571 1074 1653 supercilio,
1105 1575 1268 1636 restituet

127 1659 227 1722 rictus
249 1664 421 1746 asperitate
444 1665 680 1746 exprimebant,
700 1663 748 1726 rel
767 1663 899 1749 deniqne
919 1665 994 1728 nulli
1014 1677 1112 1730 sectae
1131 1667 1266 1746 addicti,

132 1777 225 1840 apum
250 1758 373 1835 instar,
395 1782 473 1844 qnae
494 1761 682 1836 arriderent,
706 1760 843 1844 undique
863 1761 1044 1824 delibubant.
1064 1763 1263 1847 Eloquentia,

132 1849 277 1916 libertate
298 1855 437 1938 primurn
467 1865 497 1918 et
526 1855 637 1918 deiude
669 1856 801 1918 comitiis
822 1856 928 1940 populi
956 1879 971 1918 a
999 1859 1124 1920 Tiberio
1143 1861 1268 1924 sublatis

136 1951 323 2035 mutatisque
355 1952 492 2014 moribus
521 1973 557 2014 ac
587 1952 712 2028 studiis,
743 1975 759 2012 a
789 1953 902 2018 lumine
923 1955 1038 2016 sorensi
1057 1966 1089 2016 et
1108 1977 1266 2020 causarum

135 2055 194 2107 um
214 2048 349 2112 ueritate
370 2073 460 2133 quam
481 2048 626 2131 gravitate
646 2049 683 2110 ad
705 2049 814 2112 iudicia
836 2051 1117 2130 centumuirorum,
1136 2053 1174 2114 ad
1188 2054 1268 2116 adu-

138 2140 262 2204 latorius
283 2146 487 2229 panegyricos
507 2145 538 2206 in
560 2155 663 2206 senatu
679 2143 834 2207 habendos
846 2157 877 2208 et
890 2147 928 2209 ad
941 2147 1112 2210 scholarum
1127 2149 1267 2214 umbram¹

140 2235 346 2328 fictorumque
367 2263 524 2304 causarum
546 2229 715 2306 simulacra
728 2243 961 2320 traducebatur,
981 2255 1011 2308 et
1025 2247 1068 2308 sic
1082 2247 1182 2309 omnis
1194 2270 1269 2310 ora-

143 2335 186 2396 tio
205 2359 221 2396 a
241 2337 375 2398 naturali
397 2336 604 2421 pulcritudine
624 2361 660 2400 ac
681 2339 830 2413 veritate,
850 2361 866 2398 a
886 2337 1100 2421 simplicitate,
1122 2342 1268 2423 grauitate

147 2440 177 2492 ct
195 2431 396 2506 sublimitate,
418 2433 456 2494 ad
476 2434 636 2494 rhetorum
657 2432 785 2494 subtiles
805 2433 938 2514 argutias
958 2442 988 2494 et
1008 2433 1155 2515 puerilem
1172 2435 1202 2496 in
1218 2436 1270 2496 di·

147 2527 242 2588 cendo
260 2531 429 2604 ornatum,
449 2527 486 2590 ad
507 2531 669 2612 quaesitam
691 2529 852 2611 quamdam
867 2528 1047 2610 elegantiam
1061 2539 1092 2590 et
1104 2529 1268 2592 verborum

142 2621 318 2700 luxuriem,
341 2625 455 2688 robore
482 2625 643 2709 nervisque
674 2624 864 2696 destitutum,
898 2625 936 2684 ad
965 2625 1086 2686 inanem
1112 2625 1271 2696 doctrinae

141 2721 376 2783 ostentationem
397 2721 680 2802 affectationemque
701 2723 773 2782 artis
794 2719 982 2784 deflectebat.
1010 2722 1130 2783 Potitios
1152 2725 1269 2799 irratio,

30 2895 35 2902 .
140 2817 183 2878 sis
205 2827 235 2881 et
257 2820 386 2882 facultas
406 2843 422 2880 a
444 2829 570 2893 natura,
593 2819 715 2901 ingenio
737 2828 882 2903 rectoque
904 2819 1036 2898 iudicio,
1051 2843 1067 2881 a
1082 2819 1192 2904 quibua
1207 2831 1269 2884 totu

139 2913 275 2997 pendet,
307 2915 347 2978 ud
378 2927 476 2978 artem
508 2927 539 2978 et
560 2925 744 3000 praecepta,
777 2938 854 2999 (quae
877 2916 941 2978 sine
962 2915 1020 2978 illis
1042 2939 1148 2999 parum
1171 2919 1272 2980 ualent

141 3030 284 3092 quaeque
305 3034 426 3074 sensum
448 3033 555 3074 rerum
577 3031 612 3070 uc
640 3009 797 3092 pulcrum,
828 3033 929 3072 aorem
957 3022 988 3074 et
1018 3024 1160 3089 acutum,
1189 3015 1271 3077 alere

139 3105 315 3186 quidemst
335 3128 458 3190 regere,
481 3128 544 3168 nou
566 3127 638 3166 vero
661 3107 691 3166 in
714 3103 789 3178 illia,
819 3107 929 3188 quibus
950 3127 967 3166 a
988 3117 1098 3178 ustura,
1110 3107 1272 3190 denegatus

139 3210 201 3276 ost,
223 3202 353 3284 gignere
374 3213 405 3264 et
424 3202 558 3264 excitare
578 3211 724 3284 possunt,
747 3201 807 3262 iam
828 3211 956 3262 exeunte
976 3204 1095 3264 saeculo
1116 3207 1272 3288 Augusteo

139 3297 341 3374 devertebat,
357 3309 387 3361 et
407 3299 517 3361 exinde
538 3301 633 3381 magis
653 3319 728 3360 uana
754 3295 926 3360 eruditione
946 3309 1038 3382 atque
1058 3301 1190 3364 Asiatico
1215 3314 1272 3364 tu-

141 3415 233 3455 more
254 3396 304 3458 uel
325 3396 499 3470 ieiunitate,
522 3405 645 3456 ornatus
666 3393 830 3456 uerborum
855 3385 1073 3478 pitrosiumque
1093 3398 1222 3481 aucupio
1241 3409 1273 3461 et

140 3489 333 3566 uariatione,
362 3491 463 3552 seruili
486 3489 655 3552 imitatione
676 3491 804 3552 oliorum
826 3499 856 3551 et
876 3490 988 3572 frigida
1009 3493 1157 3554 sermonis
1178 3495 1273 3554 uber·

142 3595 227 3662 tate,
268 3587 481 3650 transitionum
511 3585 635 3648 audacia
666 3596 696 3648 et
726 3587 932 3650 inversiouum
964 3586 1096 3664 duritie,
1116 3587 1274 3650 dialectico

144 3685 366 3746 sententiarum
388 3687 528 3746 acumine
555 3703 719 3764 rerumque
747 3682 928 3743 obscuritate
960 3693 990 3744 et
1019 3683 1274 3766 amplificatione,

145 3781 436 3863 comparationum,
458 3780 625 3861 figurarum
646 3789 864 3861 tropornmque
878 3777 1076 3840 multitudine
1091 3789 1122 3839 et
1137 3779 1275 3842 insolen—
1376 3777 1380 3788 ’

146 3879 211 3951 tia,
231 3878 400 3940 uerborum
422 3873 470 3939 rel
500 3877 696 3958 antiquorum
728 3873 997 3957 obsoletorumque
1018 3875 1205 3952 sectatione,
1226 3875 1276 3938 uel

54 4015 58 4020 -
147 3974 323 4056 vulgarium
345 3971 487 4056 perplexa
506 3982 676 4045 structura,
706 3969 919 4032 declamatoria
945 3973 1076 4033 uanitate
1096 3982 1127 4033 et
1149 3973 1276 4056 prolixis

148 4068 218 4130 aine
237 4089 329 4130 succo
350 4090 385 4128 ac
404 4067 553 4150 sanguine
573 4065 849 4150 disputationibus,
872 4087 963 4148 quam
984 4077 1109 4127 naturae
1122 4068 1276 4150 simplici-

150 4173 216 4224 tate
235 4185 271 4226 ac
291 4171 464 4236 venustate,
490 4163 623 4246 genuino
643 4161 823 4222 urbanitatis
839 4161 1035 4243 veritatisque
1049 4162 1172 4240 colore,
1192 4163 1277 4228 nullo

151 4261 226 4322 fuco
247 4259 345 4338 illito,
369 4259 484 4342 ingenii
507 4261 644 4322 ubertate
665 4269 755 4342 atque
775 4255 922 4342 elegantia
943 4257 1073 4342 quodam
1093 4259 1276 4336 admirabili,

150 4353 343 4420 inuentionis
364 4355 573 4439 pulcritudine
593 4375 630 4416 ao
650 4355 802 4428 novitate,
827 4351 992 4436 imaginum
1012 4353 1139 4419 ueritate
1160 4367 1190 4420 et
1209 4378 1279 4440 pro·

153 4453 287 4544 prietate
307 4453 527 4520 sententiarum
548 4474 583 4523 uc
603 4453 788 4537 uerborum,
807 4451 980 4548 argumenti
994 4452 1145 4542 exquisito
1158 4451 1278 4524 delectu
