3078 5494
320 375 415 476 240
769 385 995 450 winusus

316 585 717 660 adimmpocu'rusacert,
728 583 902 656 etdiligcuter
914 585 1078 638 iicirsadcat
1090 583 1162 638 illua
1173 582 1261 655 paitru
1272 588 1445 639 mtemarse

317 673 388 726 unde
401 671 505 736 habeus,
519 673 617 740 quierit
630 687 725 734 nemo,
738 668 783 723 sed
796 679 897 739 oportet
908 669 1012 724 habere.
1028 675 1160 724 489-·209.
1175 671 1229 723 Cur
1239 692 1301 726 vero
1307 686 1446 743 tantopere

315 771 390 824 iuges
400 753 486 824 filiun
501 765 581 806 murs.
594 751 738 804 cudti'ssime
749 768 840 819 parens
851 791 859 815 ,
872 762 898 800 ut
911 763 1007 803 mauce
1016 770 1106 818 parcus
1117 756 1150 805 sit
1162 765 1186 804 ct
1201 755 1320 822 ροσιιηίαε
1334 757 1446 806 avidus?

319 834 402 904 Quum
412 839 519 905 primum
536 837 603 886 enim
622 833 778 896 adoleverit,
793 851 843 884 uon
856 845 909 895 cet,
922 833 989 902 quod
1002 834 1113 896 dubites,
1126 835 1185 903 quin
1201 846 1225 886 te
1237 838 1316 905 ἰραιηι
1328 841 1446 888 woritia

314 928 426 984 asperet,
444 928 468 968 et
474 915 556 984 salsis
568 918 715 967 testimoniis
722 951 731 977 ,
744 916 858 982 periuriis
871 918 1001 983 uxorisque
1019 915 1096 965 caede
1113 915 1213 967 divitias
1222 930 1336 986 quaerat.
1353 921 1442 968 240„
1525 931 1526 976 i

315 999 374 1049 224.
388 995 487 1048 Horum
505 996 623 1048 coelerum
642 997 694 1066 ipse
712 1005 796 1046 auctor
809 1012 835 1046 es
847 995 994 1046 censendus:
1008 999 1151 1064 qudcumque
1162 1001 1229 1047 enim
1240 998 1316 1048 mulis
1341 997 1445 1048 artibus

314 1076 533 1149 remsamiliarem
545 1077 622 1129 eliud
635 1094 725 1146 argere
735 1077 857 1146 permittit
873 1088 898 1128 et
909 1076 1007 1128 sudum
1020 1077 1082 1127 dicit
1095 1095 1145 1128 esse
1151 1116 1162 1140 ,
1176 1079 1218 1147 qui
1231 1081 1375 1130 arniconsm
1381 1095 1445 1146 pro-
1524 1071 1526 1142 i

311 1164 504 1232 pinquommque
520 1160 620 1229 inopiae
638 1159 762 1210 subveniat
770 1167 783 1223 ,'
796 1159 818 1209 is
835 1177 929 1228 qiioqice
946 1159 1069 1228 spoliare,
1086 1159 1197 1228 decipere
1213 1169 1236 1210 et
1258 1159 1445 1228 quovismodo
1525 1143 1526 1190 Ῐ

315 1260 374 1313 apes
384 1243 433 1293 sibi
444 1243 569 1312 acqiiirere
581 1241 654 1292 docet
663 1259 694 1292 ac
705 1240 801 1293 auda.
813 1243 951 1292 225υ243.
965 1239 1061 1291 Filium
1076 1244 1161 1310 itaque
1173 1253 1240 1292 unua
1253 1241 1341 1292 adidta
1353 1253 1443 1294 aetate
1525 1269 1526 1274 =

315 1323 491 1393 inexplebilis,
505 1341 554 1393 qua
567 1324 766 1380 euminceudioti
773 1363 782 1389 ,
798 1327 919 1392 peccuniae
935 1323 1056 1392 cupiditas
1070 1327 1097 1374 in
1108 1341 1181 1375 omne
1192 1324 1269 1376 scelus
1280 1327 1381 1393 rapiet,
1394 1343 1442 1374 nec
1525 1349 1526 1352 ¹

314 1406 361 1457 tibi
380 1407 429 1474 ipsi
441 1417 541 1474 parcet,
552 1407 574 1456 si
586 1407 641 1457 vitu
653 1406 728 1456 nimir
742 1405 821 1473 longa
832 1409 898 1456 uotis
911 1409 962 1456 eius
974 1405 1102 1456 obstiterit.
1111 1408 1252 1458 ito-2⁵5.
1266 1405 1354 1457 Minus
1362 1423 1438 1475 pro-

311 1485 384 1555 fecto
399 1485 531 1536 iucsntdtuu
542 1484 613 1536 notu
625 1484 789 1554 spectaculum
800 1485 917 1553 praebent
930 1484 984 1536 ludi
999 1487 1091 1536 scenici
1103 1485 1264 1552 ludicraeque
1276 1497 1345 1550 vtes,
1354 1503 1437 1554 quam
1525 1477 1526 1532 Ῠ

315 1565 414 1618 labores
430 1577 454 1617 et
469 1566 598 1635 pericula,
615 1585 678 1636 quae
690 1566 753 1618 lesui
766 1584 839 1617 causa
851 1583 939 1618 avarus
952 1567 1062 1636 sucipit.
1075 1570 1210 1619 256υ264.
1224 1563 1364 1618 Periculosa
1374 1568 1432 1634 qui·
1525 1577 1526 1580 ’

315 1641 674 1718 demetarspetauistarurr's
690 1648 946 1718 ctfcmamlulonun,
968 1647 1011 1698 ced
1028 1648 1064 1698 ad
1081 1649 1158 1698 vitam
1174 1647 1351 1699 uatemuudam
1372 1665 1430 1716 qn·

315 1739 382 1779 ctat:
399 1748 488 1780 murus
503 1745 591 1782 contra
608 1732 699 1782 maiori
719 1733 788 1782 vitae
804 1731 948 1782 discrimine
959 1731 1044 1782 omru'a
1054 1731 1175 1796 percurrit
1190 1733 1272 1779 muria
1276 1767 1286 1790 ,
1299 1741 1324 1779 nt
1336 1729 1429 1780 divitiis
1525 1725 1526 1788 ζ

315 1809 416 1874 affluat.
437 1813 569 1862 iot-28³.
590 1810 649 1863 Alii
669 1811 728 1863 aliis
748 1811 830 1864 modis
845 1812 987 1873 insaniunt,
1007 1810 1052 1861 sed
1071 1827 1143 1860 nemo
1155 1811 1240 1878 magis
1252 1827 1298 1870 eo,
1315 1813 1354 1878 qui
1370 1809 1425 1858 lucr
1525 1805 1526 1820 ¹

315 1906 359 1958 spe
370 1903 454 1961 captia
471 1909 502 1942 ne
520 1910 594 1944 saeua
612 1894 713 1964 quidem
732 1905 878 1962 tempestate
894 1894 1102 1964 deterretur3quo
1114 1896 1195 1943 nsiuus
1208 1909 1234 1941 se
1246 1909 1335 1959 ccupat
1346 1891 1429 1942 omnia

315 1973 359 2020 uni
379 1972 477 2023 tabulae
496 1978 642 2026 committat.
664 1978 800 2027 usu-295.
824 1973 882 2044 Quo
893 1974 934 2044 fit
944 1973 1077 2043 persaepe,
1092 1985 1118 2024 ut
1130 1974 1216 2024 statuo
1227 1972 1271 2023 ille
1284 1971 1359 2023 homo
1371 2010 1380 2033 ‚
1391 1974 1432 2040 qui

316 2050 393 2103 modo
415 2052 498 2115 anmi,
519 2053 585 2122 φωτὶ
604 2071 706 2122 usaepsun
727 2064 781 2118 est,
800 2052 997 2118 asuoinltiabat,
1011 2073 1071 2106 moc
1083 2055 1171 2120 stipem
1184 2053 1290 2121 colligat
1304 2053 1374 2120 eiqrae
1389 2055 1435 2100 vix
1520 2091 1526 2102 .

314 2143 443 2202 appetenti
452 2137 539 2202 pauni
545 2168 554 2195 ,
572 2135 656 2204 quibus
677 2153 764 2204 carpus
782 2136 868 2186 velare
879 2139 965 2203 possit,
978 2137 1116 2188 utto-302.
1132 2133 1214 2202 Quam
1226 2135 1319 2184 misera
1331 2132 1435 2194 denique

315 2229 353 2270 cst
368 2219 439 2269 arari
449 2217 576 2281 conditio,
592 2221 635 2288 qui
648 2217 763 2280 divitias,
775 2237 836 2287 quau
848 2219 924 2269 tantis
937 2219 984 2269 sibi
995 2217 1093 2286 paravit
1105 2220 1170 2267 curis
1186 2215 1367 2284 periculisque,
1381 2233 1434 2264 ma-

316 2300 371 2350 iore
386 2308 453 2349 metu
465 2309 490 2349 ct
499 2297 666 2350 willoiusdine
685 2297 814 2350 custoditi
831 2297 930 2367 Quanto
939 2296 1046 2366 felicior
1056 2316 1167 2366 pauper,
1181 2301 1224 2368 qui
1237 2317 1322 2364 pauca
1335 2297 1434 2366 quidem

314 2383 439 2452 possidet,
463 2382 508 2433 red
525 2379 590 2432 niltil
611 2383 695 2450 cupit,
714 2391 738 2430 et
752 2380 898 2449 prudentiae
921 2379 1046 2448 confidit,
1068 2396 1119 2428 riou
1137 2380 1277 2449 forumue?
1290 2383 1434 2431 303-·316.

318 2463 391 2532 Quae
407 2481 481 2534 quum
501 2460 851 2524 itudnt,auctortibisum,
867 2459 1039 2528 utpluranou
1054 2461 1435 2529 concepiscas‚quamquaead

317 2547 411 2595 victum
424 2544 534 2612 vitaeque
545 2560 613 2593 estem
624 2547 777 2611 pertineant:
789 2543 826 2591 itu
842 2545 907 2593 enim
919 2541 965 2591 tibi
976 2540 1125 2609 persuadeas
1141 2541 1214 2591 velim
1220 2577 1231 2601 ,
1246 2541 1317 2591 uuila
1335 2541 1435 2592 divitia·

317 2641 372 2675 rum
384 2624 558 2694 magnitudine
568 2622 665 2690 expleri
673 2640 762 2693 posse,
774 2624 816 2693 qui
828 2622 898 2674 retus
911 2621 947 2674 ad
960 2623 1092 2674 vivendum
1108 2623 1253 2674 necessariis
1265 2639 1318 2672 riou
1329 2623 1364 2672 sit
1378 2639 1434 2673 ccu-

320 2717 404 2756 tentus.
418 2710 551 2758 Siliani.

359 2783 444 2836 Sacc
463 2785 524 2836 liaeo
540 2803 622 2838 rerum
636 2785 814 2859 affectuumque
826 2787 960 2857 'gravitate
977 2805 1039 2856 prae
1050 2789 1138 2839 ceteris
1151 2786 1250 2838 excellit
1262 2797 1286 2836 et
1299 2785 1438 2854 praeclaris

320 2868 445 2920 sentenciis
456 2877 582 2936 tamquam
596 2873 703 2936 gemmis
713 2869 829 2919 distincta
840 2882 874 2918 cst
887 2870 1037 2920 clarissimis.
1052 2869 1086 2919 Iu
1098 2871 1181 2936 primu
1193 2872 1244 2919 eius
1252 2878 1324 2936 parte
1342 2869 1388 2934 (υ.
1399 2873 1437 2914 t·-

322 2950 393 3012 ⁴34.)
405 2947 587 3016 redarguamtur
598 2949 683 3000 accde
695 2961 824 3018 parentes,
837 2951 957 3018 eoecnspiis
971 2962 995 3000 ct
1005 2955 1141 3019 praeceptis
1157 2949 1247 3000 liberos
1259 2966 1315 2998 sucs
1330 2948 1368 2998 ad
1377 2950 1439 2997 vitia

322 3027 364 3078 vel
379 3031 407 3078 iu
426 3045 482 3078 suos
504 3045 591 3096 eocqsse
604 3047 695 3096 pravos
716 3047 796 3080 mores
805 3030 961 3100 formarues,
974 3034 1001 3080 in
1015 3030 1093 3080 altera
1106 3031 1145 3094 (u.
1162 3030 1313 3094 iau-m.)
1331 3029 1438 3096 pacisci-

322 3124 390 3160 mum
406 3118 505 3158 notatu·
519 3110 634 3159 auaritia.
654 3107 717 3160 Gran
732 3108 780 3160 hac
801 3108 954 3178 conferenda
975 3109 1075 3160 Horatii
1093 3107 1147 3161 Sat.
1157 3108 1179 3158 l.
1194 3107 1237 3159 tit.
1250 3107 1267 3157 l
1272 3145 1281 3170 ,
1295 3118 1319 3157 et
1332 3107 1382 3157 lib.
1396 3104 1439 3168 ll,

323 3196 338 3242 3
345 3227 355 3252 ,
373 3192 421 3242 ⁴08
431 3206 484 3259 seq.
496 3196 523 3240 ui
536 3191 573 3240 ita
584 3191 778 3242 diversissimum
790 3189 892 3242 dicendi
902 3209 980 3260 gersus
987 3192 1116 3260 perspicue
1128 3200 1293 3258 cognoscatur
1305 3188 1442 3255 (Horatiis
1525 3179 1526 3184 ¹

321 3273 404 3334 enim,
425 3284 451 3323 ut
467 3273 546 3334 solet,
570 3273 677 3324 ridendo
692 3274 782 3324 vitium
802 3272 848 3324 hoc
861 3273 980 3341 corripit,
996 3271 1120 3322 quenalis
1132 3283 1212 3322 cirtem
1226 3269 1443 3340 uitiusiusurgeru

321 3354 502 3406 dcciamatoria
521 3372 589 3406 more
603 3365 627 3404 et
646 3353 982 3423 magistriseveritateillud
996 3355 1154 3405 inuuidiam
1167 3352 1269 3403 adducit
1282 3363 1356 3421 utque
1370 3353 1441 3404 iudi·
1525 3397 1526 3408 ,

322 3438 469 3504 pontionem
488 3437 592 3502 excitat)
600 3457 610 3500 ς
629 3453 685 3486 cum
702 3435 762 3498 iila,
774 3446 873 3504 praeter
885 3434 942 3486 loca
948 3473 958 3496 ,
973 3437 1001 3484 in
1015 3433 1151 3487 Commeat.
1169 3433 1288 3495 lundam,
1306 3431 1396 3488 Senec-
1412 3433 1442 3483 de

314 3509 592 3586 ¹ira11‚22.etepist.
607 3521 648 3569 97.
664 3515 733 3568 Plut.
747 3518 780 3568 de
797 3520 901 3568 institut.
913 3517 984 3568 liber.
1001 3529 1024 3568 et
1039 3515 1145 3586 Quintil.
1159 3515 1306 3568 lust.0rat,
1320 3515 1355 3576 l,
1377 3522 1443 3580 s‚6,

321 3601 389 3650 atius
401 3599 473 3650 verba
485 3601 585 3651 omnino
606 3599 686 3670 digna
706 3610 777 3664 scau,
794 3617 856 3669 quae
873 3599 898 3650 li.
918 3601 936 3651 l.
957 3599 1141 3650 adscribauucr:
1161 3599 1269 3650 Vtinam
1294 3595 1442 3650 liberorum

322 3687 471 3730 nostrorum
493 3697 579 3732 mores
596 3698 648 3732 non
669 3678 716 3748 ipsi
733 3680 916 3748 perderemus!
932 3678 1071 3733 Infantiam
1085 3677 1170 3732 statim
1185 3676 1285 3730 deliciis
1296 3675 1442 3730 solvimus:

323 3757 413 3810 mollis
432 3757 477 3811 ilia
490 3759 624 3824 educatio,
644 3777 723 3832 quain
736 3759 926 3830 indulgentium
941 3777 1079 3824 vocamus,
1097 3777 1190 3811 nervos
1203 3776 1294 3811 omnes
1308 3760 1408 3810 mentis
1420 3767 1444 3810 et

321 3840 438 3909 corporis
454 3840 559 3912 frangit.
581 3841 651 3911 Quid
664 3860 716 3894 non
731 3841 832 3894 adunus
845 3841 1005 3912 concupiscet
1020 3841 1100 3911 etqui
1111 3841 1138 3892 in
1150 3842 1268 3910 purpuris
1281 3841 1375 3908 repet?
1391 3842 1443 3890 iem

320 3936 428 3972 coccum
450 3921 587 3992 intelligis,
610 3921 663 3974 iem
687 3921 851 3992 conchylium
866 3925 957 3994 poscit.
974 3923 1141 3984 Gaudomus‚
1154 3921 1176 3973 si
1190 3919 1253 3990 quid
1265 3919 1388 3973 licentius
1401 3920 1439 3972 di·

322 4002 402 4056 uerit:
425 4003 519 4070 verbs,
543 4021 589 4056 nec
606 4003 787 4057 Alexandrinis
807 4003 913 4074 quidem
935 4005 1107 4074 permittenda
1121 4003 1236 4067 deliciis,
1250 4003 1304 4056 risu
1316 4014 1343 4057 et
1357 3991 1442 4057 osculo

322 4083 472 4153 excipimus.
488 4085 541 4137 Nec
559 4085 672 4137 minume
685 4103 731 4138 nos
746 4085 898 4149 docuimus,
912 4105 942 4137 ex
958 4085 1035 4140 nobis
1047 4085 1202 4154 audierunt;
1216 4093 1316 4138 nostrus
1333 4085 1441 4148 amicus,

322 4171 424 4214 nostros
435 4163 592 4217 concubinos
609 4164 716 4219 vident=
738 4183 819 4219 omne
837 4165 986 4220 convivium
1001 4167 1132 4219 obscoenis
1146 4167 1251 4218 conticis
1265 4165 1359 4236 strepit
1371 4185 1379 4216 ε
1392 4181 1440 4234 pu·

324 4239 407 4294 denda
424 4242 492 4296 dictu
509 4255 669 4314 spectantum
691 4247 720 4297 fit
737 4263 768 4298 ex
786 4245 826 4298 his
849 4245 1020 4310 cousuetudo,
1038 4245 1131 4299 deinde
1149 4257 1247 4300 natura.
1259 4245 1371 4300 Discunt
1383 4244 1442 4298 haec

323 4324 428 4387 miseri,
448 4336 587 4396 sirtequun
602 4327 683 4380 sciant
702 4326 765 4379 viiia
786 4344 849 4382 esse.
871 4326 934 4382 Inde
950 4326 1029 4380 soluti
1050 4347 1079 4380 oc
1093 4329 1203 4382 ssueutes
1216 4345 1270 4380 non
1283 4328 1411 4395 accipiunt
1426 4341 1440 4375 e

323 4402 417 4460 scholis
436 4404 504 4461 melu
520 4407 585 4474 istu,
608 4407 694 4463 sedin
708 4405 807 4464 scholas
824 4397 934 4466 altimus
951 4423 995 4464 cet.
1010 4439 1033 4454 ··
1050 4407 1138 4469 Notae
1149 4411 1294 4468 Achaintrii
1303 4420 1360 4462 aaut
1376 4409 1439 4462 tae:
