3046 5498
295 433 402 502 XXX
738 435 796 500 DE
829 439 983 502 sertus

291 664 388 730 purae
407 645 496 727 atque
516 637 680 705 bonestses
700 640 783 704 onds
803 634 908 704 Valer.
928 643 1012 706 Max.
1035 643 1076 718 ΙΙ,
1092 643 1165 722 m.
1179 642 1272 720 dicit,
1292 645 1351 710 boe
1364 669 1425 730 ga-

291 759 348 800 auo
366 737 576 800 delectationis
594 737 710 799 Italico
727 739 883 799 ameritate
907 746 953 813 (r)
977 753 1178 821 temperatum
1198 740 1331 825 ideoque
1351 763 1425 806 ‚cn-

290 853 379 896 cuum
398 847 472 894 noto
490 833 589 894 fuisse.
610 831 764 895 Videntur
783 833 853 896 illae
873 855 995 916 prorsus
1016 837 1082 896 fers
1102 837 1281 917 congruisse
1302 837 1424 902 sabulis

292 931 482 992 Graecorum
502 927 797 1012 comico-satyricis,
821 939 887 991 tuna
909 930 940 990 in
962 933 1132 1013 argumenti
1152 931 1277 994 delectu
1297 943 1330 996 et
1350 944 1426 998 tra-

292 1029 444 1102 ctatione,
465 1027 497 1086 in
519 1024 701 1110 petulantia,
720 1026 880 1088 dicacitate
898 1035 930 1088 et
949 1027 1074 1088 audacia
1093 1027 1255 1106 dictionis,
1276 1030 1310 1090 in
1326 1040 1425 1094 acto-

292 1143 361 1184 rum
381 1131 413 1182 et
431 1120 597 1182 saltationis
618 1119 721 1182 indole
741 1133 773 1181 et
792 1121 825 1181 in
847 1121 908 1202 ipsa
927 1123 1063 1194 actione,
1096 1133 1161 1184 tum
1190 1131 1225 1186 in
1246 1146 1299 1196 eo,
1331 1127 1419 1208 quod

291 1238 445 1293 seorsum,
467 1238 524 1278 nec
545 1215 702 1277 adiunctae
723 1217 904 1298 tragoediis.
927 1217 1156 1280 exhiberentur.
1179 1229 1229 1294 (v.
1244 1215 1422 1286 Eiclastaedt

291 1313 330 1375 de
350 1313 446 1375 druna.
468 1315 577 1375 Graec.
596 1333 675 1373 com.
695 1321 748 1373 sat
771 1335 799 1396 p.
821 1313 870 1374 53.
886 1314 935 1388 64.
949 1313 998 1376 65.
1020 1315 1058 1393 75
1070 1335 1131 1398 seq.
1143 1325 1175 1378 et
1188 1318 1238 1391 84.
1253 1317 1306 1378 ubi
1321 1319 1419 1379 etiam

291 1409 329 1470 de
350 1418 423 1468 noto
443 1407 603 1470 Diomedis
622 1406 689 1468 loco
709 1407 761 1468 lib.
784 1407 839 1468 ΙΙΙ.
859 1428 890 1489 p.
914 1409 984 1492 487.
1005 1407 1054 1472 ed.
1075 1411 1198 1472 Putscb.
1214 1411 1420 1494 itadispotats

294 1504 490 1568 ‘Diomedes
505 1503 663 1577 ,atellanae
682 1505 838 1565 Romanae
858 1527 874 1564 a
895 1505 1086 1566 Graecorum
1100 1506 1220 1589 Satyris
1240 1505 1415 1570 distantiam

291 1602 337 1662 sic
359 1601 505 1682 aperuit,
524 1599 682 1682 utriusque
701 1609 737 1659 ut
752 1599 925 1682 satyricae,
945 1621 963 1658 a
979 1600 1274 1679 Graecis'tractatae,
1286 1603 1420 1684 speciem

291 1707 322 1758 et
343 1697 475 1758 formam
497 1693 630 1776 quodam
653 1695 744 1756 modo
776 1697 924 1757 indicasse
955 1694 1101 1758 videatur.
1138 1699 1270 1774 Latino,
1299 1700 1423 1780 inquit,

291 1791 441 1854 Atellano
460 1813 482 1852 a
507 1793 627 1852 Graeca
647 1792 789 1870 Satyrion
808 1791 933 1874 dffrrt:
954 1793 1039 1874 quod
1059 1795 1093 1855 in
1113 1793 1256 1872 satyrica
1276 1794 1341 1855 fere
1356 1795 1422 1856 Sat-

291 1901 432 1968 tyrorum
451 1908 598 1970 personae
616 1887 824 1963 inducuntur,
844 1901 896 1948 aut
915 1891 942 1948 si
961 1905 1127 1967 quaesunt
1147 1891 1312 1966 ridiculae,
1330 1893 1422 1952 simi-

290 1984 335 2046 les
355 1984 494 2064 Satyris,
513 1983 703 2062 Autolycus,
733 1985 873 2058 Βαείνίες
904 1987 936 2045 in
966 1985 1111 2047 Atellano
1133 1986 1230 2048 Oscae
1246 2007 1424 2070 personae,

291 2093 325 2142 ut
344 2083 480 2142 Maccus.
499 2081 572 2158 Quo
592 2081 626 2140 in
646 2077 716 2141 loco
735 2080 798 2142 duo
817 2099 850 2142 se
869 2079 960 2142 nobis
980 2079 1115 2143 offerunt
1134 2081 1227 2165 digna
1246 2081 1425 2160 observatu,

291 2176 446 2252 alterum,
477 2174 561 2260 quod
592 2175 773 2260 Satyrorum
804 2176 941 2238 inductio
970 2177 1010 2238 ab
1041 2175 1188 2241 Atellanis
1210 2177 1297 2262 plane
1317 2177 1425 2242 aliena

290 2269 463 2346 indicatur,
483 2272 634 2349 alterum,
654 2272 738 2355 quod
758 2271 863 2336 eadem
878 2273 1067 2336 Graecorum
1079 2274 1217 2358 satyricis
1231 2273 1340 2346 fabulis
1354 2295 1423 2336 non

292 2367 357 2430 aine
378 2369 556 2453 exceptione
575 2368 707 2451 quadam
728 2370 886 2432 tribuitur.
917 2372 959 2432 At
980 2391 1055 2435 aero
1073 2371 1099 2432 si
1118 2370 1234 2434 fabulas
1252 2372 1343 2434 unice
1363 2393 1424 2435 re·-

291 2464 470 2545 spiciamus,
491 2487 508 2526 a
528 2466 648 2548 tragicis
667 2466 764 2548 poetis
794 2468 965 2548 profectas,
994 2468 1210 2549 ignoraverunt
1240 2487 1316 2532 sane
1336 2467 1423 2530 banc

292 2562 502 2645 exceptionem
524 2561 645 2625 Graeci.
666 2561 849 2623 Diomedem
871 2564 974 2647 itaque
993 2564 1126 2631 arbitror
1142 2563 1260 2628 fabulae
1277 2567 1423 2628 comico·

292 2658 434 2740 satyricae
453 2657 543 2720 simul
566 2667 668 2720 mente
688 2659 956 2742 descriptioneque
975 2661 1241 2743 comprehendisse
1261 2671 1307 2736 et,
1328 2661 1424 2724 sicuti

293 2754 415 2834 tragicis
435 2754 580 2836 Satyros,
612 2755 652 2814 ita
680 2753 727 2816 his
756 2755 936 2837 Autolycum
957 2767 988 2817 et
1008 2757 1128 2818 Busirin
1152 2755 1384 2842 adscripsisse.»
1402 2767 1418 2834 )

292 2847 383 2910 Conf.
403 2857 504 2908 tamen
523 2860 659 2912 extrema
681 2849 769 2911 liuius
792 2849 966 2912 Commeat.
986 2853 1089 2914 verba.

331 2944 458 3006 Praeter
486 2945 558 3021 illo,
587 2966 665 3028 quae
685 2945 820 3008 breviter
840 2947 1026 3025 memoravi,
1048 2947 1184 3012 carmina
1205 2949 1421 3012 Romanorum

291 3037 458 3115 maledico,
489 3041 580 3102 etism
609 3041 740 3102 iambica
771 3041 808 3101 ab
833 3041 868 3102 iis
888 3042 1239 3126 Graecorumexemplo
1259 3053 1292 3106 et
1311 3045 1420 3106 imita-

290 3135 375 3196 tione
394 3136 526 3216 scripta,
546 3136 599 3197 sed
619 3157 687 3199 sero
706 3136 851 3213 demum,
872 3139 927 3200 etsi
948 3139 1008 3200 iam
1028 3159 1046 3198 a
1067 3139 1206 3214 Catullo,
1226 3141 1371 3202 Bibaculo
1385 3149 1422 3204 et

290 3231 356 3294 aliie
374 3243 445 3296 ante
465 3234 648 3310 Horatium,
667 3233 722 3317 qui
741 3243 843 3296 tamen
864 3233 987 3296 illorum
1008 3237 1132 3297 nomina
1152 3237 1344 3322 gloriamque
1359 3239 1421 3301 ob·

291 3329 439 3405 scuravit,
459 3339 489 3390 et
509 3329 582 3391 binc
602 3329 750 3413 gloriatur
770 3331 802 3390 in
824 3332 920 3414 Epist.
942 3331 967 3405 l,
992 3349 1038 3412 19,
1070 3333 1200 3409 23-34.
1228 3335 1340 3396 Parios
1359 3357 1417 3416 ego

286 3426 406 3506 primus
427 3425 549 3486 lambos
564 3425 691 3486 Ostendi
704 3425 797 3486 Latio
821 3425 871 3499 (in
883 3424 994 3508 Epodis
1010 3435 1041 3487 et
1055 3425 1131 3488 Odis
1145 3425 1324 3509 quibusdam
1335 3449 1418 3490 con·-

288 3515 492 3594 iamdictis),
512 3539 651 3580 numeros
671 3523 846 3601 animosque
868 3535 1006 3603 sequutus
1025 3519 1220 3596 Arcbilccbi,
1241 3543 1300 3582 non
1318 3545 1366 3584 res
1386 3536 1418 3585 et

288 3616 412 3698 agentia
432 3614 527 3675 verba
550 3615 722 3695 Lycamben
742 3624 799 3676 cet.
821 3614 909 3675 Conl.
930 3615 1037 3676 Horat.
1057 3615 1118 3677 od.
1143 3615 1201 3689 ΙΙΙ,
1222 3617 1271 3690 30,
1295 3617 1338 3680 13.
1365 3623 1414 3696 14.

289 3712 427 3793 Propert.
451 3711 509 3783 ΙΙΙ,
530 3735 555 3783 ι,
576 3713 606 3786 3,
628 3714 656 3785 4.
676 3721 707 3772 et
727 3711 766 3772 ad
787 3709 838 3771 bb.
849 3711 881 3772 ΙΙ.
902 3713 1000 3795 lntpp.
1014 3711 1222 3790 Quintilianus
1242 3713 1343 3786 (lost.
1355 3716 1406 3778 Or

288 3805 327 3880 X,
346 3827 370 3868 a.
391 3809 409 3884 §
429 3808 668 3885 96.)1ambus,
695 3807 820 3890 inquit,
847 3830 909 3870 non
933 3829 1006 3869 roae
1032 3809 1222 3871 allomeris
1247 3809 1416 3872 celebratus

288 3915 355 3979 est,
372 3915 406 3964 ut
422 3905 586 3986 proprium
606 3925 703 3987 opur3
724 3927 746 3967 a
765 3903 946 3990 qrtibusdam
972 3907 1180 3987 interpositus:
1210 3907 1294 3966 cuius
1320 3927 1414 3968 ocer-

287 3998 365 4058 bitas
384 3999 418 4059 iu
440 3999 580 4074 Catulla,
600 4001 773 4077 Bibaculo,
794 4003 950 4063 Horatio:
971 4021 1158 4084 enumquam
1173 4001 1222 4061 illi
1244 4001 1413 4079 (Catullo)

287 4093 402 4176 epodos
422 4098 597 4160 intervenire
629 4097 685 4174 (b.
709 4119 737 4162 e.
764 4117 802 4160 ex
828 4097 1082 4182 interpretatione
1113 4097 1258 4172 Gesneri,
1281 4107 1412 4184 tueleta,

289 4301 359 4372 quod
371 4302 598 4363 abintroenntibus
608 4310 635 4362 in
647 4327 750 4365 manare
761 4327 823 4364 osn-
907 4309 949 4376 (t)
966 4307 1019 4359 Hac
1032 4305 1125 4360 Italica
1135 4309 1261 4359 seruitute
1281 4305 1412 4380 designari

288 4387 402 4451 labatur,
424 4387 532 4444 εἰσόδων
557 4391 693 4466 dicebant,
706 4393 775 4466 quod
791 4393 825 4450 ab
874 4391 1004 4456 satiram,
1017 4389 1143 4446 Atellanis
1160 4392 1344 4460 coniunctam,
1355 4414 1412 4452 non

288 4469 449 4537 exeuntibus,
462 4468 590 4538 illlum
875 4481 1001 4555 persuasit
1017 4478 1092 4536 nobis
1104 4479 1212 4536 Cesaub.
1228 4499 1254 4552 p.
1266 4483 1324 4538 its.
