<?xml version="1.0" encoding="UTF-8"?>
<!DOCTYPE html PUBLIC "-//W3C//DTD XHTML 1.0 Transitional//EN"
    "http://www.w3.org/TR/xhtml1/DTD/xhtml1-transitional.dtd">
<html xmlns="http://www.w3.org/1999/xhtml" xml:lang="en" lang="en">
 <head>
  <title>
</title>
<meta http-equiv="Content-Type" content="text/html;charset=utf-8" />
  <meta name='ocr-system' content='tesseract 3.04.00' />
  <meta name='ocr-capabilities' content='ocr_page ocr_carea ocr_par ocr_line ocrx_word'/>
</head>
<body>
  <div class='ocr_page' id='page_1' title='image "./diuniiiuvenalis00persgoog_0030.png"; bbox 0 0 3046 5498; ppageno 0'>
   <div class='ocr_carea' id='block_1_1' title="bbox 331 365 1013 468">
    <p class='ocr_par' dir='ltr' id='par_1_1' title="bbox 331 365 1013 468">
     <span class='ocr_line' id='line_1_1' title="bbox 331 365 1013 468; baseline -0.006 0"><span class='ocrx_word' id='word_1_1' title='bbox 331 365 439 468; x_wconf 75' lang='lat' dir='ltr'><strong>auti</strong></span> <span class='ocrx_word' id='word_1_2' title='bbox 770 402 826 464; x_wconf 84' lang='lat' dir='ltr'><strong>nn</strong></span> <span class='ocrx_word' id='word_1_3' title='bbox 858 401 1013 466; x_wconf 74' lang='lat' dir='ltr'><strong>sarens</strong></span> 
     </span>
    </p>
   </div>
   <div class='ocr_carea' id='block_1_2' title="bbox 285 599 1457 3088">
    <p class='ocr_par' dir='ltr' id='par_1_2' title="bbox 285 599 1457 3088">
     <span class='ocr_line' id='line_1_2' title="bbox 332 599 1453 692; baseline -0.001 -18"><span class='ocrx_word' id='word_1_4' title='bbox 332 603 535 692; x_wconf 79' lang='lat' dir='ltr'><strong>malleumque</strong></span> <span class='ocrx_word' id='word_1_5' title='bbox 554 603 741 668; x_wconf 84' lang='lat' dir='ltr'><strong>Graecorum</strong></span> <span class='ocrx_word' id='word_1_6' title='bbox 761 611 874 679; x_wconf 88' lang='lat' dir='ltr'><strong>artem,</strong></span> <span class='ocrx_word' id='word_1_7' title='bbox 900 611 931 666; x_wconf 90' lang='lat' dir='ltr'><strong>et</strong></span> <span class='ocrx_word' id='word_1_8' title='bbox 960 599 1090 666; x_wconf 86' lang='lat' dir='ltr'><strong>alterum</strong></span> <span class='ocrx_word' id='word_1_9' title='bbox 1122 600 1246 688; x_wconf 90' lang='lat' dir='ltr'><strong>quidem</strong></span> <span class='ocrx_word' id='word_1_10' title='bbox 1275 605 1453 690; x_wconf 77' lang='lat' dir='ltr'><strong>tragoedias</strong></span> 
     </span>
     <span class='ocr_line' id='line_1_3' title="bbox 334 701 1452 797; baseline -0.005 -23"><span class='ocrx_word' id='word_1_11' title='bbox 334 717 503 797; x_wconf 62' lang='grc' dir='ltr'><strong>(τραγῳδίας</strong></span> <span class='ocrx_word' id='word_1_12' title='bbox 522 725 546 766; x_wconf 80' lang='lat' dir='ltr'><strong>s.</strong></span> <span class='ocrx_word' id='word_1_13' title='bbox 565 715 711 793; x_wconf 60' lang='lat' dir='ltr'><strong>poppaeae</strong></span> <span class='ocrx_word' id='word_1_14' title='bbox 726 711 759 778; x_wconf 84' lang='lat'><strong>&gt;‚</strong></span> <span class='ocrx_word' id='word_1_15' title='bbox 778 701 909 764; x_wconf 79' lang='lat' dir='ltr'><strong>alterum</strong></span> <span class='ocrx_word' id='word_1_16' title='bbox 922 701 1095 764; x_wconf 78' lang='lat' dir='ltr'><strong>comoedias</strong></span> <span class='ocrx_word' id='word_1_17' title='bbox 1116 709 1300 790; x_wconf 71' lang='grc' dir='ltr'>(κωμῳδίας)</span> <span class='ocrx_word' id='word_1_18' title='bbox 1321 709 1452 789; x_wconf 77' lang='lat' dir='ltr'><strong>peperit.</strong></span> 
     </span>
     <span class='ocr_line' id='line_1_4' title="bbox 329 801 1454 888; baseline -0.002 -23"><span class='ocrx_word' id='word_1_19' title='bbox 329 803 377 867; x_wconf 85' lang='lat' dir='ltr'><strong>Ex</strong></span> <span class='ocrx_word' id='word_1_20' title='bbox 397 806 456 868; x_wconf 87' lang='lat' dir='ltr'><strong>illis</strong></span> <span class='ocrx_word' id='word_1_21' title='bbox 477 814 630 888; x_wconf 87' lang='lat' dir='ltr'><strong>praeterea</strong></span> <span class='ocrx_word' id='word_1_22' title='bbox 651 801 753 868; x_wconf 86' lang='lat' dir='ltr'><strong>choris</strong></span> <span class='ocrx_word' id='word_1_23' title='bbox 782 801 987 884; x_wconf 81' lang='lat' dir='ltr'><strong>Satyrorum,</strong></span> <span class='ocrx_word' id='word_1_24' title='bbox 1020 821 1096 882; x_wconf 90' lang='lat' dir='ltr'><strong>quos</strong></span> <span class='ocrx_word' id='word_1_25' title='bbox 1125 801 1233 883; x_wconf 80' lang='lat' dir='ltr'><strong>priscis</strong></span> <span class='ocrx_word' id='word_1_26' title='bbox 1263 803 1454 885; x_wconf 78' lang='lat' dir='ltr'>temporibus</span> 
     </span>
     <span class='ocr_line' id='line_1_5' title="bbox 290 893 1453 984; baseline -0.004 -19"><span class='ocrx_word' id='word_1_27' title='bbox 290 923 291 928; x_wconf 50' lang='lat'>¹</span> <span class='ocrx_word' id='word_1_28' title='bbox 328 901 491 978; x_wconf 76' lang='lat' dir='ltr'><strong>ruricolae,</strong></span> <span class='ocrx_word' id='word_1_29' title='bbox 507 903 579 965; x_wconf 82' lang='lat' dir='ltr'><strong>aino</strong></span> <span class='ocrx_word' id='word_1_30' title='bbox 599 900 768 984; x_wconf 84' lang='lat' dir='ltr'><strong>gaudioque</strong></span> <span class='ocrx_word' id='word_1_31' title='bbox 788 894 969 959; x_wconf 75' lang='lat' dir='ltr'><strong>exsultantes</strong></span> <span class='ocrx_word' id='word_1_32' title='bbox 990 893 1134 979; x_wconf 88' lang='lat' dir='ltr'><strong>omnique</strong></span> <span class='ocrx_word' id='word_1_33' title='bbox 1152 896 1318 959; x_wconf 68' lang='lat' dir='ltr'><strong>dicacitatis</strong></span> <span class='ocrx_word' id='word_1_34' title='bbox 1337 908 1368 959; x_wconf 90' lang='lat' dir='ltr'><strong>et</strong></span> <span class='ocrx_word' id='word_1_35' title='bbox 1388 919 1453 981; x_wconf 90' lang='lat' dir='ltr'><strong>pe-</strong></span> 
     </span>
     <span class='ocr_line' id='line_1_6' title="bbox 329 991 1455 1079; baseline -0.003 -20"><span class='ocrx_word' id='word_1_36' title='bbox 329 997 473 1059; x_wconf 88' lang='lat' dir='ltr'><strong>tulantiae</strong></span> <span class='ocrx_word' id='word_1_37' title='bbox 493 1017 603 1079; x_wconf 83' lang='lat' dir='ltr'>genere</span> <span class='ocrx_word' id='word_1_38' title='bbox 624 995 718 1060; x_wconf 84' lang='lat' dir='ltr'><strong>risum</strong></span> <span class='ocrx_word' id='word_1_39' title='bbox 750 994 880 1068; x_wconf 91' lang='lat' dir='ltr'><strong>cientes,</strong></span> <span class='ocrx_word' id='word_1_40' title='bbox 911 991 1060 1074; x_wconf 74' lang='lat' dir='ltr'><strong>agebant,</strong></span> <span class='ocrx_word' id='word_1_41' title='bbox 1090 1001 1178 1054; x_wconf 84' lang='lat' dir='ltr'><strong>natae</strong></span> <span class='ocrx_word' id='word_1_42' title='bbox 1203 1003 1273 1054; x_wconf 86' lang='lat' dir='ltr'><strong>sunt</strong></span> <span class='ocrx_word' id='word_1_43' title='bbox 1292 993 1455 1074; x_wconf 68' lang='lat' dir='ltr'><strong>Satri-icae</strong></span> 
     </span>
     <span class='ocr_line' id='line_1_7' title="bbox 330 1089 1454 1178; baseline -0.003 -23"><span class='ocrx_word' id='word_1_44' title='bbox 330 1096 519 1156; x_wconf 89' lang='lat' dir='ltr'><strong>Graecorum</strong></span> <span class='ocrx_word' id='word_1_45' title='bbox 532 1093 661 1178; x_wconf 80' lang='lat' dir='ltr'><strong>subulae</strong></span> <span class='ocrx_word' id='word_1_46' title='bbox 672 1134 682 1165; x_wconf 90' lang='lat'><strong>,</strong></span> <span class='ocrx_word' id='word_1_47' title='bbox 702 1113 801 1174; x_wconf 89' lang='lat' dir='ltr'><strong>quae,</strong></span> <span class='ocrx_word' id='word_1_48' title='bbox 820 1109 914 1171; x_wconf 90' lang='lat' dir='ltr'><strong>quum</strong></span> <span class='ocrx_word' id='word_1_49' title='bbox 937 1095 1116 1170; x_wconf 83' lang='lat' dir='ltr'><strong>argumento</strong></span> <span class='ocrx_word' id='word_1_50' title='bbox 1144 1089 1329 1170; x_wconf 85' lang='lat' dir='ltr'><strong>tragoediis,</strong></span> <span class='ocrx_word' id='word_1_51' title='bbox 1362 1113 1454 1154; x_wconf 87' lang='lat' dir='ltr'><strong>com·</strong></span> 
     </span>
     <span class='ocr_line' id='line_1_8' title="bbox 329 1182 1455 1269; baseline -0.002 -19"><span class='ocrx_word' id='word_1_52' title='bbox 329 1189 477 1269; x_wconf 81' lang='lat' dir='ltr'><strong>positione</strong></span> <span class='ocrx_word' id='word_1_53' title='bbox 497 1185 660 1250; x_wconf 86' lang='lat' dir='ltr'><strong>comoediis</strong></span> <span class='ocrx_word' id='word_1_54' title='bbox 679 1184 836 1268; x_wconf 83' lang='lat' dir='ltr'><strong>proximae</strong></span> <span class='ocrx_word' id='word_1_55' title='bbox 850 1192 966 1258; x_wconf 76' lang='lat' dir='ltr'><strong>essem,</strong></span> <span class='ocrx_word' id='word_1_56' title='bbox 987 1182 1109 1243; x_wconf 88' lang='lat' dir='ltr'><strong>illarum</strong></span> <span class='ocrx_word' id='word_1_57' title='bbox 1132 1187 1321 1246; x_wconf 84' lang='lat' dir='ltr'><strong>severitatem</strong></span> <span class='ocrx_word' id='word_1_58' title='bbox 1342 1185 1455 1248; x_wconf 87' lang='lat' dir='ltr'><strong>harum</strong></span> 
     </span>
     <span class='ocr_line' id='line_1_9' title="bbox 328 1276 1456 1368; baseline 0 -24"><span class='ocrx_word' id='word_1_59' title='bbox 328 1282 481 1346; x_wconf 75' lang='lat' dir='ltr'><strong>hilaritate</strong></span> <span class='ocrx_word' id='word_1_60' title='bbox 501 1283 728 1368; x_wconf 81' lang='lat' dir='ltr'><strong>temperabant,</strong></span> <span class='ocrx_word' id='word_1_61' title='bbox 751 1289 783 1342; x_wconf 89' lang='lat' dir='ltr'><strong>ct</strong></span> <span class='ocrx_word' id='word_1_62' title='bbox 803 1299 865 1340; x_wconf 89' lang='lat' dir='ltr'><strong>nou</strong></span> <span class='ocrx_word' id='word_1_63' title='bbox 886 1278 927 1339; x_wconf 83' lang='lat' dir='ltr'><strong>ita</strong></span> <span class='ocrx_word' id='word_1_64' title='bbox 952 1276 1046 1339; x_wconf 92' lang='lat' dir='ltr'><strong>multo</strong></span> <span class='ocrx_word' id='word_1_65' title='bbox 1067 1288 1135 1361; x_wconf 91' lang='lat' dir='ltr'><strong>post</strong></span> <span class='ocrx_word' id='word_1_66' title='bbox 1154 1280 1317 1364; x_wconf 87' lang='lat' dir='ltr'><strong>Thespidis</strong></span> <span class='ocrx_word' id='word_1_67' title='bbox 1340 1283 1456 1346; x_wconf 85' lang='lat' dir='ltr'><strong>inaen-</strong></span> 
     </span>
     <span class='ocr_line' id='line_1_10' title="bbox 303 1373 1450 1464; baseline 0 -24"><span class='ocrx_word' id='word_1_68' title='bbox 303 1379 405 1442; x_wconf 89' lang='lat' dir='ltr'><strong>&#39;toria</strong></span> <span class='ocrx_word' id='word_1_69' title='bbox 424 1389 561 1464; x_wconf 84' lang='lat' dir='ltr'><strong>tempora</strong></span> <span class='ocrx_word' id='word_1_70' title='bbox 581 1380 614 1440; x_wconf 89' lang='lat' dir='ltr'><strong>in</strong></span> <span class='ocrx_word' id='word_1_71' title='bbox 644 1376 771 1439; x_wconf 87' lang='lat' dir='ltr'><strong>scenicis</strong></span> <span class='ocrx_word' id='word_1_72' title='bbox 792 1373 978 1456; x_wconf 75' lang='lat' dir='ltr'><strong>tragicorum</strong></span> <span class='ocrx_word' id='word_1_73' title='bbox 1011 1380 1168 1456; x_wconf 80' lang='lat' dir='ltr'><strong>poetarum</strong></span> <span class='ocrx_word' id='word_1_74' title='bbox 1190 1377 1403 1440; x_wconf 83' lang='lat' dir='ltr'><strong>certaminibus</strong></span> <span class='ocrx_word' id='word_1_75' title='bbox 1424 1400 1450 1440; x_wconf 87' lang='lat' dir='ltr'><strong>s.</strong></span> 
     </span>
     <span class='ocr_line' id='line_1_11' title="bbox 327 1468 1450 1559; baseline 0.003 -24"><span class='ocrx_word' id='word_1_76' title='bbox 327 1486 523 1559; x_wconf 53' lang='lat' dir='ltr'><strong>supersapere,</strong></span> <span class='ocrx_word' id='word_1_77' title='bbox 543 1495 621 1558; x_wconf 88' lang='lat' dir='ltr'><strong>quae</strong></span> <span class='ocrx_word' id='word_1_78' title='bbox 640 1473 736 1536; x_wconf 82' lang='lat' dir='ltr'><strong>tribue</strong></span> <span class='ocrx_word' id='word_1_79' title='bbox 756 1471 839 1532; x_wconf 86' lang='lat' dir='ltr'><strong>festis</strong></span> <span class='ocrx_word' id='word_1_80' title='bbox 858 1469 1014 1554; x_wconf 75' lang='lat' dir='ltr'><strong>Boccbipis</strong></span> <span class='ocrx_word' id='word_1_81' title='bbox 1039 1468 1087 1533; x_wconf 81' lang='lat' dir='ltr'><strong>rel</strong></span> <span class='ocrx_word' id='word_1_82' title='bbox 1109 1469 1295 1534; x_wconf 80' lang='lat' dir='ltr'><strong>Liberalibus</strong></span> <span class='ocrx_word' id='word_1_83' title='bbox 1328 1481 1450 1548; x_wconf 72' lang='lat' dir='ltr'><strong>(nuru.</strong></span> 
     </span>
     <span class='ocr_line' id='line_1_12' title="bbox 327 1565 1453 1653; baseline -0.004 -31"><span class='ocrx_word' id='word_1_84' title='bbox 327 1569 391 1630; x_wconf 75' lang='lat' dir='ltr'><strong>einer</strong></span> <span class='ocrx_word' id='word_1_85' title='bbox 408 1574 458 1632; x_wconf 78' lang='grc' dir='ltr'><strong>τοῖς</strong></span> <span class='ocrx_word' id='word_1_86' title='bbox 471 1569 499 1624; x_wconf 72' lang='lat' dir='ltr'><strong>ia</strong></span> <span class='ocrx_word' id='word_1_87' title='bbox 516 1569 643 1638; x_wconf 70' lang='grc' dir='ltr'><strong>Λίμναις,</strong></span> <span class='ocrx_word' id='word_1_88' title='bbox 659 1571 712 1628; x_wconf 78' lang='grc' dir='ltr'><strong>τοῖς</strong></span> <span class='ocrx_word' id='word_1_89' title='bbox 726 1565 784 1620; x_wconf 70' lang='grc' dir='ltr'><strong>κατ’</strong></span> <span class='ocrx_word' id='word_1_90' title='bbox 796 1565 861 1620; x_wconf 73' lang='grc' dir='ltr'>ἄστυ</span> <span class='ocrx_word' id='word_1_91' title='bbox 882 1576 914 1630; x_wconf 66' lang='lat' dir='ltr'><strong>et</strong></span> <span class='ocrx_word' id='word_1_92' title='bbox 932 1587 982 1646; x_wconf 58' lang='grc' dir='ltr'><strong>τοις</strong></span> <span class='ocrx_word' id='word_1_93' title='bbox 998 1580 1054 1636; x_wconf 59' lang='grc' dir='ltr'>κατ’</span> <span class='ocrx_word' id='word_1_94' title='bbox 1066 1573 1188 1652; x_wconf 53' lang='grc' dir='ltr'>ἀγροὺς)</span> <span class='ocrx_word' id='word_1_95' title='bbox 1209 1567 1453 1653; x_wconf 59' lang='lat' dir='ltr'><strong>celebrabantur,</strong></span> 
     </span>
     <span class='ocr_line' id='line_1_13' title="bbox 327 1663 1454 1750; baseline -0.002 -21"><span class='ocrx_word' id='word_1_96' title='bbox 327 1667 418 1730; x_wconf 89' lang='lat' dir='ltr'><strong>trinis</strong></span> <span class='ocrx_word' id='word_1_97' title='bbox 438 1667 622 1750; x_wconf 83' lang='lat' dir='ltr'><strong>tragoediis,</strong></span> <span class='ocrx_word' id='word_1_98' title='bbox 643 1664 807 1727; x_wconf 88' lang='lat' dir='ltr'><strong>abeodem</strong></span> <span class='ocrx_word' id='word_1_99' title='bbox 828 1664 989 1748; x_wconf 86' lang='lat' dir='ltr'><strong>propositis</strong></span> <span class='ocrx_word' id='word_1_100' title='bbox 1009 1672 1098 1748; x_wconf 70' lang='lat' dir='ltr'><strong>poeta</strong></span> <span class='ocrx_word' id='word_1_101' title='bbox 1127 1675 1158 1727; x_wconf 87' lang='lat' dir='ltr'><strong>et</strong></span> <span class='ocrx_word' id='word_1_102' title='bbox 1185 1675 1365 1746; x_wconf 81' lang='lat' dir='ltr'><strong>argumento</strong></span> <span class='ocrx_word' id='word_1_103' title='bbox 1385 1663 1454 1727; x_wconf 85' lang='lat' dir='ltr'><strong>lere</strong></span> 
     </span>
     <span class='ocr_line' id='line_1_14' title="bbox 329 1759 1454 1848; baseline -0.002 -24"><span class='ocrx_word' id='word_1_104' title='bbox 329 1762 412 1824; x_wconf 85' lang='lat' dir='ltr'><strong>baud</strong></span> <span class='ocrx_word' id='word_1_105' title='bbox 431 1763 617 1847; x_wconf 80' lang='lat' dir='ltr'><strong>disparibus,</strong></span> <span class='ocrx_word' id='word_1_106' title='bbox 637 1782 707 1823; x_wconf 82' lang='lat' dir='ltr'><strong>euna</strong></span> <span class='ocrx_word' id='word_1_107' title='bbox 727 1761 760 1822; x_wconf 92' lang='lat' dir='ltr'><strong>in</strong></span> <span class='ocrx_word' id='word_1_108' title='bbox 780 1759 874 1822; x_wconf 86' lang='lat' dir='ltr'><strong>finem</strong></span> <span class='ocrx_word' id='word_1_109' title='bbox 894 1761 1035 1848; x_wconf 82' lang='lat' dir='ltr'><strong>subiungi</strong></span> <span class='ocrx_word' id='word_1_110' title='bbox 1056 1761 1213 1835; x_wconf 87' lang='lat' dir='ltr'><strong>solebant,</strong></span> <span class='ocrx_word' id='word_1_111' title='bbox 1235 1771 1284 1836; x_wconf 93' lang='lat' dir='ltr'><strong>ut,</strong></span> <span class='ocrx_word' id='word_1_112' title='bbox 1298 1761 1454 1846; x_wconf 90' lang='lat' dir='ltr'><strong>quidquid</strong></span> 
     </span>
     <span class='ocr_line' id='line_1_15' title="bbox 328 1849 1455 1934; baseline -0.001 -13"><span class='ocrx_word' id='word_1_113' title='bbox 328 1858 470 1922; x_wconf 84' lang='lat' dir='ltr'><strong>tristitiae</strong></span> <span class='ocrx_word' id='word_1_114' title='bbox 490 1881 527 1922; x_wconf 79' lang='lat' dir='ltr'><strong>ex</strong></span> <span class='ocrx_word' id='word_1_115' title='bbox 547 1857 608 1920; x_wconf 83' lang='lat' dir='ltr'><strong>illis</strong></span> <span class='ocrx_word' id='word_1_116' title='bbox 628 1859 710 1919; x_wconf 86' lang='lat' dir='ltr'><strong>forte</strong></span> <span class='ocrx_word' id='word_1_117' title='bbox 740 1857 881 1918; x_wconf 76' lang='lat' dir='ltr'><strong>haustum</strong></span> <span class='ocrx_word' id='word_1_118' title='bbox 900 1866 997 1934; x_wconf 86' lang='lat' dir='ltr'><strong>esset,</strong></span> <span class='ocrx_word' id='word_1_119' title='bbox 1028 1857 1076 1918; x_wconf 85' lang='lat' dir='ltr'><strong>bis</strong></span> <span class='ocrx_word' id='word_1_120' title='bbox 1102 1849 1297 1918; x_wconf 77' lang='lat' dir='ltr'><strong>relaxaretur.</strong></span> <span class='ocrx_word' id='word_1_121' title='bbox 1327 1857 1455 1920; x_wconf 82' lang='lat' dir='ltr'><strong>Praeter</strong></span> 
     </span>
     <span class='ocr_line' id='line_1_16' title="bbox 327 1949 1455 2038; baseline 0 -24"><span class='ocrx_word' id='word_1_122' title='bbox 327 1951 383 2015; x_wconf 78' lang='lat' dir='ltr'><strong>tras</strong></span> <span class='ocrx_word' id='word_1_123' title='bbox 403 1973 476 2016; x_wconf 82' lang='lat' dir='ltr'><strong>varo</strong></span> <span class='ocrx_word' id='word_1_124' title='bbox 484 1953 614 2038; x_wconf 83' lang='lat' dir='ltr'><strong>subulas</strong></span> <span class='ocrx_word' id='word_1_125' title='bbox 627 1952 926 2035; x_wconf 62' lang='lat' dir='ltr'><strong>tragico-sarpieos,</strong></span> <span class='ocrx_word' id='word_1_126' title='bbox 943 1953 1084 2035; x_wconf 81' lang='lat' dir='ltr'><strong>equibus</strong></span> <span class='ocrx_word' id='word_1_127' title='bbox 1099 1973 1159 2014; x_wconf 86' lang='lat' dir='ltr'><strong>nun</strong></span> <span class='ocrx_word' id='word_1_128' title='bbox 1175 1961 1304 2029; x_wconf 86' lang='lat' dir='ltr'><strong>tautum,</strong></span> <span class='ocrx_word' id='word_1_129' title='bbox 1319 1949 1455 2036; x_wconf 79' lang='lat' dir='ltr'><strong>Cyclops</strong></span> 
     </span>
     <span class='ocr_line' id='line_1_17' title="bbox 294 2047 1455 2134; baseline -0.002 -24"><span class='ocrx_word' id='word_1_130' title='bbox 294 2071 296 2076; x_wconf 74' lang='grc'>’</span> <span class='ocrx_word' id='word_1_131' title='bbox 327 2047 502 2134; x_wconf 78' lang='lat' dir='ltr'><strong>Euripidis,</strong></span> <span class='ocrx_word' id='word_1_132' title='bbox 523 2050 643 2131; x_wconf 86' lang='lat' dir='ltr'><strong>integra</strong></span> <span class='ocrx_word' id='word_1_133' title='bbox 662 2056 816 2130; x_wconf 85' lang='lat' dir='ltr'><strong>superest,</strong></span> <span class='ocrx_word' id='word_1_134' title='bbox 844 2047 928 2110; x_wconf 81' lang='lat' dir='ltr'><strong>fuere</strong></span> <span class='ocrx_word' id='word_1_135' title='bbox 948 2049 1038 2108; x_wconf 84' lang='lat' dir='ltr'><strong>etiarn</strong></span> <span class='ocrx_word' id='word_1_136' title='bbox 1058 2049 1366 2127; x_wconf 60' lang='lat' dir='ltr'><strong>camno-sanetae,</strong></span> <span class='ocrx_word' id='word_1_137' title='bbox 1387 2069 1455 2109; x_wconf 89' lang='lat' dir='ltr'><strong>non</strong></span> 
     </span>
     <span class='ocr_line' id='line_1_18' title="bbox 329 2141 1455 2227; baseline 0.001 -23"><span class='ocrx_word' id='word_1_138' title='bbox 329 2145 346 2204; x_wconf 84' lang='lat' dir='ltr'><strong>&#39;n</strong></span> <span class='ocrx_word' id='word_1_139' title='bbox 367 2145 511 2227; x_wconf 82' lang='lat' dir='ltr'><strong>tragicis,</strong></span> <span class='ocrx_word' id='word_1_140' title='bbox 530 2145 582 2207; x_wconf 87' lang='lat' dir='ltr'><strong>sed</strong></span> <span class='ocrx_word' id='word_1_141' title='bbox 603 2143 727 2205; x_wconf 90' lang='lat' dir='ltr'><strong>comicis</strong></span> <span class='ocrx_word' id='word_1_142' title='bbox 746 2142 875 2224; x_wconf 82' lang='lat' dir='ltr'><strong>scriptae</strong></span> <span class='ocrx_word' id='word_1_143' title='bbox 896 2144 991 2224; x_wconf 76' lang='lat' dir='ltr'><strong>poetis</strong></span> <span class='ocrx_word' id='word_1_144' title='bbox 1012 2150 1128 2220; x_wconf 86' lang='lat' dir='ltr'><strong>(nem,</strong></span> <span class='ocrx_word' id='word_1_145' title='bbox 1148 2163 1226 2226; x_wconf 90' lang='lat' dir='ltr'><strong>quae</strong></span> <span class='ocrx_word' id='word_1_146' title='bbox 1247 2143 1292 2205; x_wconf 88' lang='lat' dir='ltr'><strong>bis</strong></span> <span class='ocrx_word' id='word_1_147' title='bbox 1312 2141 1455 2205; x_wconf 86' lang='lat' dir='ltr'><strong>tribuun-</strong></span> 
     </span>
     <span class='ocr_line' id='line_1_19' title="bbox 328 2237 1454 2323; baseline 0.002 -23"><span class='ocrx_word' id='word_1_148' title='bbox 328 2247 382 2300; x_wconf 87' lang='lat' dir='ltr'><strong>tur</strong></span> <span class='ocrx_word' id='word_1_149' title='bbox 401 2239 539 2316; x_wconf 83' lang='lat' dir='ltr'><strong>dramata</strong></span> <span class='ocrx_word' id='word_1_150' title='bbox 555 2239 706 2323; x_wconf 83' lang='lat' dir='ltr'><strong>satyrica,</strong></span> <span class='ocrx_word' id='word_1_151' title='bbox 728 2259 791 2298; x_wconf 91' lang='lat' dir='ltr'><strong>non</strong></span> <span class='ocrx_word' id='word_1_152' title='bbox 809 2238 922 2318; x_wconf 87' lang='lat' dir='ltr'><strong>tragica</strong></span> <span class='ocrx_word' id='word_1_153' title='bbox 943 2239 1052 2316; x_wconf 88' lang='lat' dir='ltr'><strong>fuisse,</strong></span> <span class='ocrx_word' id='word_1_154' title='bbox 1072 2240 1125 2302; x_wconf 87' lang='lat' dir='ltr'><strong>sed</strong></span> <span class='ocrx_word' id='word_1_155' title='bbox 1140 2239 1277 2312; x_wconf 89' lang='lat' dir='ltr'><strong>comica,</strong></span> <span class='ocrx_word' id='word_1_156' title='bbox 1300 2237 1401 2301; x_wconf 82' lang='lat' dir='ltr'><strong>velex</strong></span> <span class='ocrx_word' id='word_1_157' title='bbox 1413 2261 1454 2302; x_wconf 85' lang='lat' dir='ltr'><strong>eo</strong></span> 
     </span>
     <span class='ocr_line' id='line_1_20' title="bbox 328 2333 1453 2418; baseline 0.003 -23"><span class='ocrx_word' id='word_1_158' title='bbox 328 2333 532 2418; x_wconf 81' lang='lat' dir='ltr'><strong>intelligitur,</strong></span> <span class='ocrx_word' id='word_1_159' title='bbox 552 2335 634 2418; x_wconf 92' lang='lat' dir='ltr'><strong>quod</strong></span> <span class='ocrx_word' id='word_1_160' title='bbox 654 2333 785 2418; x_wconf 89' lang='lat' dir='ltr'><strong>quilibet</strong></span> <span class='ocrx_word' id='word_1_161' title='bbox 804 2339 892 2414; x_wconf 77' lang='lat' dir='ltr'><strong>polita</strong></span> <span class='ocrx_word' id='word_1_162' title='bbox 912 2335 1098 2398; x_wconf 86' lang='lat' dir='ltr'><strong>Graecorum</strong></span> <span class='ocrx_word' id='word_1_163' title='bbox 1113 2357 1176 2398; x_wconf 93' lang='lat' dir='ltr'><strong>uon</strong></span> <span class='ocrx_word' id='word_1_164' title='bbox 1192 2335 1249 2394; x_wconf 89' lang='lat' dir='ltr'><strong>uisi</strong></span> <span class='ocrx_word' id='word_1_165' title='bbox 1264 2357 1360 2396; x_wconf 90' lang='lat' dir='ltr'><strong>unum</strong></span> <span class='ocrx_word' id='word_1_166' title='bbox 1374 2343 1453 2418; x_wconf 70' lang='lat' dir='ltr'><strong>pod-</strong></span> 
     </span>
     <span class='ocr_line' id='line_1_21' title="bbox 285 2427 1455 2514; baseline 0.002 -24"><span class='ocrx_word' id='word_1_167' title='bbox 285 2427 291 2446; x_wconf 85' lang='lat'>&#39;</span> <span class='ocrx_word' id='word_1_168' title='bbox 327 2431 394 2491; x_wconf 77' lang='lat' dir='ltr'><strong>neos</strong></span> <span class='ocrx_word' id='word_1_169' title='bbox 413 2450 508 2512; x_wconf 87' lang='lat' dir='ltr'><strong>genus</strong></span> <span class='ocrx_word' id='word_1_170' title='bbox 529 2439 662 2492; x_wconf 78' lang='lat' dir='ltr'><strong>tractare</strong></span> <span class='ocrx_word' id='word_1_171' title='bbox 682 2439 712 2490; x_wconf 90' lang='lat' dir='ltr'><strong>et</strong></span> <span class='ocrx_word' id='word_1_172' title='bbox 732 2429 873 2492; x_wconf 84' lang='lat' dir='ltr'><strong>excolere</strong></span> <span class='ocrx_word' id='word_1_173' title='bbox 892 2429 1049 2505; x_wconf 85' lang='lat' dir='ltr'><strong>solebat),</strong></span> <span class='ocrx_word' id='word_1_174' title='bbox 1083 2451 1174 2514; x_wconf 85' lang='lat' dir='ltr'><strong>quae,</strong></span> <span class='ocrx_word' id='word_1_175' title='bbox 1195 2427 1329 2498; x_wconf 78' lang='lat' dir='ltr'><strong>illisione</strong></span> <span class='ocrx_word' id='word_1_176' title='bbox 1349 2430 1455 2492; x_wconf 87' lang='lat' dir='ltr'><strong>deilo-</strong></span> 
     </span>
     <span class='ocr_line' id='line_1_22' title="bbox 327 2525 1456 2610; baseline 0 -22"><span class='ocrx_word' id='word_1_177' title='bbox 327 2527 541 2606; x_wconf 81' lang='lat' dir='ltr'><strong>restentibus,</strong></span> <span class='ocrx_word' id='word_1_178' title='bbox 571 2527 624 2588; x_wconf 87' lang='lat' dir='ltr'><strong>dia</strong></span> <span class='ocrx_word' id='word_1_179' title='bbox 653 2525 753 2588; x_wconf 87' lang='lat' dir='ltr'><strong>adbuc</strong></span> <span class='ocrx_word' id='word_1_180' title='bbox 773 2526 917 2607; x_wconf 82' lang='lat' dir='ltr'><strong>viguere,</strong></span> <span class='ocrx_word' id='word_1_181' title='bbox 942 2527 995 2588; x_wconf 89' lang='lat' dir='ltr'><strong>sed</strong></span> <span class='ocrx_word' id='word_1_182' title='bbox 1015 2547 1086 2588; x_wconf 90' lang='lat' dir='ltr'><strong>raro</strong></span> <span class='ocrx_word' id='word_1_183' title='bbox 1106 2537 1136 2587; x_wconf 90' lang='lat' dir='ltr'><strong>et</strong></span> <span class='ocrx_word' id='word_1_184' title='bbox 1157 2527 1361 2610; x_wconf 88' lang='lat' dir='ltr'><strong>inscriptionis</strong></span> <span class='ocrx_word' id='word_1_185' title='bbox 1382 2537 1456 2588; x_wconf 88' lang='lat' dir='ltr'><strong>ton-</strong></span> 
     </span>
     <span class='ocr_line' id='line_1_23' title="bbox 327 2619 1456 2706; baseline 0 -22"><span class='ocrx_word' id='word_1_186' title='bbox 327 2631 417 2700; x_wconf 89' lang='lat' dir='ltr'><strong>tum,</strong></span> <span class='ocrx_word' id='word_1_187' title='bbox 436 2643 499 2685; x_wconf 91' lang='lat' dir='ltr'><strong>non</strong></span> <span class='ocrx_word' id='word_1_188' title='bbox 519 2623 708 2704; x_wconf 84' lang='lat' dir='ltr'><strong>argumenti,</strong></span> <span class='ocrx_word' id='word_1_189' title='bbox 732 2619 851 2684; x_wconf 86' lang='lat' dir='ltr'><strong>ratione</strong></span> <span class='ocrx_word' id='word_1_190' title='bbox 872 2621 973 2684; x_wconf 87' lang='lat' dir='ltr'><strong>habita</strong></span> <span class='ocrx_word' id='word_1_191' title='bbox 995 2633 1222 2698; x_wconf 87' lang='lat' dir='ltr'><strong>memorantur,</strong></span> <span class='ocrx_word' id='word_1_192' title='bbox 1243 2635 1274 2685; x_wconf 90' lang='lat' dir='ltr'><strong>et</strong></span> <span class='ocrx_word' id='word_1_193' title='bbox 1294 2621 1340 2684; x_wconf 84' lang='lat' dir='ltr'><strong>vel</strong></span> <span class='ocrx_word' id='word_1_194' title='bbox 1355 2621 1456 2706; x_wconf 88' lang='lat' dir='ltr'><strong>simpl.</strong></span> 
     </span>
     <span class='ocr_line' id='line_1_24' title="bbox 328 2717 1453 2801; baseline 0 -20"><span class='ocrx_word' id='word_1_195' title='bbox 328 2719 504 2781; x_wconf 87' lang='lat' dir='ltr'><strong>nominibus</strong></span> <span class='ocrx_word' id='word_1_196' title='bbox 523 2719 702 2801; x_wconf 82' lang='lat' dir='ltr'><strong>Satyrorum</strong></span> <span class='ocrx_word' id='word_1_197' title='bbox 725 2718 905 2799; x_wconf 83' lang='lat' dir='ltr'><strong>insignitae,</strong></span> <span class='ocrx_word' id='word_1_198' title='bbox 937 2717 985 2780; x_wconf 86' lang='lat' dir='ltr'><strong>vel</strong></span> <span class='ocrx_word' id='word_1_199' title='bbox 1017 2719 1106 2780; x_wconf 74' lang='lat' dir='ltr'><strong>variis</strong></span> <span class='ocrx_word' id='word_1_200' title='bbox 1134 2717 1229 2780; x_wconf 86' lang='lat' dir='ltr'><strong>titulis</strong></span> <span class='ocrx_word' id='word_1_201' title='bbox 1258 2719 1453 2800; x_wconf 79' lang='lat' dir='ltr'><strong>designatae,</strong></span> 
     </span>
     <span class='ocr_line' id='line_1_25' title="bbox 326 2811 1457 2897; baseline 0.002 -22"><span class='ocrx_word' id='word_1_202' title='bbox 326 2811 376 2875; x_wconf 78' lang='lat' dir='ltr'><strong>&#39;ael</strong></span> <span class='ocrx_word' id='word_1_203' title='bbox 388 2815 552 2875; x_wconf 70' lang='lat' dir='ltr'><strong>&#39;communi</strong></span> <span class='ocrx_word' id='word_1_204' title='bbox 574 2814 803 2875; x_wconf 77' lang='lat' dir='ltr'><strong>comoediarum</strong></span> <span class='ocrx_word' id='word_1_205' title='bbox 826 2835 937 2897; x_wconf 84' lang='lat' dir='ltr'><strong>genere</strong></span> <span class='ocrx_word' id='word_1_206' title='bbox 949 2814 1185 2896; x_wconf 84' lang='lat' dir='ltr'><strong>comprehensae</strong></span> <span class='ocrx_word' id='word_1_207' title='bbox 1199 2813 1356 2876; x_wconf 81' lang='lat' dir='ltr'><strong>videntur:</strong></span> <span class='ocrx_word' id='word_1_208' title='bbox 1372 2815 1457 2877; x_wconf 90' lang='lat' dir='ltr'><strong>unde</strong></span> 
     </span>
     <span class='ocr_line' id='line_1_26' title="bbox 329 2899 1457 2993; baseline 0.002 -23"><span class='ocrx_word' id='word_1_209' title='bbox 329 2907 545 2970; x_wconf 86' lang='lat' dir='ltr'><strong>difficillimum</strong></span> <span class='ocrx_word' id='word_1_210' title='bbox 566 2909 669 2984; x_wconf 89' lang='lat' dir='ltr'><strong>dictu,</strong></span> <span class='ocrx_word' id='word_1_211' title='bbox 690 2931 766 2992; x_wconf 84' lang='lat' dir='ltr'><strong>quae</strong></span> <span class='ocrx_word' id='word_1_212' title='bbox 780 2930 850 2972; x_wconf 79' lang='lat' dir='ltr'><strong>vern</strong></span> <span class='ocrx_word' id='word_1_213' title='bbox 866 2912 1000 2972; x_wconf 86' lang='lat' dir='ltr'><strong>comicae</strong></span> <span class='ocrx_word' id='word_1_214' title='bbox 1013 2913 1201 2972; x_wconf 87' lang='lat' dir='ltr'><strong>Graecorum</strong></span> <span class='ocrx_word' id='word_1_215' title='bbox 1217 2899 1457 2993; x_wconf 78' lang='lat' dir='ltr'><strong>Soty&#39;ricessuc-</strong></span> 
     </span>
     <span class='ocr_line' id='line_1_27' title="bbox 329 3001 1412 3088; baseline 0.001 -23"><span class='ocrx_word' id='word_1_216' title='bbox 329 3001 510 3068; x_wconf 85' lang='lat' dir='ltr'><strong>rit&#39;iudoles</strong></span> <span class='ocrx_word' id='word_1_217' title='bbox 530 3013 561 3065; x_wconf 89' lang='lat' dir='ltr'><strong>et</strong></span> <span class='ocrx_word' id='word_1_218' title='bbox 579 3004 759 3086; x_wconf 86' lang='lat' dir='ltr'><strong>quibusnam</strong></span> <span class='ocrx_word' id='word_1_219' title='bbox 780 3005 812 3065; x_wconf 92' lang='lat' dir='ltr'><strong>iu</strong></span> <span class='ocrx_word' id='word_1_220' title='bbox 832 3006 922 3068; x_wconf 87' lang='lat' dir='ltr'><strong>rebus</strong></span> <span class='ocrx_word' id='word_1_221' title='bbox 942 3027 960 3066; x_wconf 91' lang='lat' dir='ltr'><strong>a</strong></span> <span class='ocrx_word' id='word_1_222' title='bbox 985 3007 1096 3088; x_wconf 84' lang='lat' dir='ltr'><strong>tragica</strong></span> <span class='ocrx_word' id='word_1_223' title='bbox 1116 3004 1343 3088; x_wconf 84' lang='lat' dir='ltr'><strong>discrepaverit.</strong></span> <span class='ocrx_word' id='word_1_224' title='bbox 1366 3013 1412 3082; x_wconf 89' lang='lat' dir='ltr'><strong>(r)</strong></span> 
     </span>
    </p>
   </div>
   <div class='ocr_carea' id='block_1_3' title="bbox 257 3187 1459 4440">
    <p class='ocr_par' dir='ltr' id='par_1_3' title="bbox 257 3187 1459 4440">
     <span class='ocr_line' id='line_1_28' title="bbox 362 3187 1456 3264; baseline 0.003 -23"><span class='ocrx_word' id='word_1_225' title='bbox 362 3191 404 3258; x_wconf 84' lang='lat' dir='ltr'><strong>(t)</strong></span> <span class='ocrx_word' id='word_1_226' title='bbox 419 3187 566 3244; x_wconf 77' lang='lat' dir='ltr'><strong>Eiclrstaedt</strong></span> <span class='ocrx_word' id='word_1_227' title='bbox 577 3189 618 3242; x_wconf 86' lang='lat' dir='ltr'><strong>De</strong></span> <span class='ocrx_word' id='word_1_228' title='bbox 627 3190 778 3243; x_wconf 69' lang='lat' dir='ltr'><strong>ormenae</strong></span> <span class='ocrx_word' id='word_1_229' title='bbox 786 3188 865 3242; x_wconf 83' lang='lat' dir='ltr'><strong>Grae·</strong></span> <span class='ocrx_word' id='word_1_230' title='bbox 916 3199 986 3259; x_wconf 86' lang='lat' dir='ltr'><strong>tere;</strong></span> <span class='ocrx_word' id='word_1_231' title='bbox 1000 3191 1027 3242; x_wconf 91' lang='lat' dir='ltr'><strong>in</strong></span> <span class='ocrx_word' id='word_1_232' title='bbox 1042 3209 1094 3264; x_wconf 90' lang='lat' dir='ltr'><strong>quo</strong></span> <span class='ocrx_word' id='word_1_233' title='bbox 1108 3191 1199 3261; x_wconf 84' lang='lat' dir='ltr'><strong>utique</strong></span> <span class='ocrx_word' id='word_1_234' title='bbox 1214 3191 1349 3246; x_wconf 81' lang='lat' dir='ltr'><strong>diversum</strong></span> <span class='ocrx_word' id='word_1_235' title='bbox 1362 3200 1422 3244; x_wconf 87' lang='lat' dir='ltr'><strong>sunt</strong></span> <span class='ocrx_word' id='word_1_236' title='bbox 1439 3209 1456 3244; x_wconf 79' lang='lat' dir='ltr'><strong>a</strong></span> 
     </span>
     <span class='ocr_line' id='line_1_29' title="bbox 329 3272 1457 3348; baseline -0.003 -17"><span class='ocrx_word' id='word_1_237' title='bbox 329 3297 414 3332; x_wconf 82' lang='lat' dir='ltr'><strong>eornm</strong></span> <span class='ocrx_word' id='word_1_238' title='bbox 431 3297 488 3348; x_wconf 89' lang='lat' dir='ltr'><strong>pag.</strong></span> <span class='ocrx_word' id='word_1_239' title='bbox 503 3282 613 3332; x_wconf 74' lang='lat' dir='ltr'><strong>tii—85.</strong></span> <span class='ocrx_word' id='word_1_240' title='bbox 630 3278 796 3343; x_wconf 84' lang='lat' dir='ltr'><strong>coniecturis,</strong></span> <span class='ocrx_word' id='word_1_241' title='bbox 811 3298 864 3332; x_wconf 89' lang='lat' dir='ltr'><strong>non</strong></span> <span class='ocrx_word' id='word_1_242' title='bbox 916 3273 1035 3344; x_wconf 68' lang='lat' dir='ltr'><strong>&#39;tragicis</strong></span> <span class='ocrx_word' id='word_1_243' title='bbox 1048 3272 1186 3326; x_wconf 87' lang='lat' dir='ltr'><strong>eonsilium</strong></span> <span class='ocrx_word' id='word_1_244' title='bbox 1208 3277 1297 3334; x_wconf 73' lang='lat' dir='ltr'><strong>secuti,</strong></span> <span class='ocrx_word' id='word_1_245' title='bbox 1320 3275 1457 3328; x_wconf 84' lang='lat' dir='ltr'><strong>Nimirum</strong></span> 
     </span>
     <span class='ocr_line' id='line_1_30' title="bbox 328 3357 1456 3434; baseline -0.004 -18"><span class='ocrx_word' id='word_1_246' title='bbox 328 3363 405 3416; x_wconf 84' lang='lat' dir='ltr'><strong>certis</strong></span> <span class='ocrx_word' id='word_1_247' title='bbox 418 3363 534 3432; x_wconf 87' lang='lat' dir='ltr'><strong>quidem,</strong></span> <span class='ocrx_word' id='word_1_248' title='bbox 545 3375 571 3418; x_wconf 87' lang='lat' dir='ltr'><strong>nt</strong></span> <span class='ocrx_word' id='word_1_249' title='bbox 584 3361 765 3434; x_wconf 85' lang='lat' dir='ltr'><strong>probabilibus,</strong></span> <span class='ocrx_word' id='word_1_250' title='bbox 773 3361 864 3418; x_wconf 78' lang='lat' dir='ltr'><strong>saltem</strong></span> <span class='ocrx_word' id='word_1_251' title='bbox 915 3357 1090 3410; x_wconf 83' lang='lat' dir='ltr'><strong>aCoruoediis</strong></span> <span class='ocrx_word' id='word_1_252' title='bbox 1111 3357 1255 3412; x_wconf 84' lang='lat' dir='ltr'><strong>scribendis</strong></span> <span class='ocrx_word' id='word_1_253' title='bbox 1275 3359 1400 3428; x_wconf 77' lang='lat' dir='ltr'><strong>quoniam</strong></span> <span class='ocrx_word' id='word_1_254' title='bbox 1420 3357 1456 3412; x_wconf 85' lang='lat' dir='ltr'><strong>ad</strong></span> 
     </span>
     <span class='ocr_line' id='line_1_31' title="bbox 328 3439 1456 3517; baseline -0.004 -16"><span class='ocrx_word' id='word_1_255' title='bbox 328 3445 594 3517; x_wconf 59' lang='lat' dir='ltr'><strong>sagacissimum,</strong></span> <span class='ocrx_word' id='word_1_256' title='bbox 608 3445 670 3500; x_wconf 85' lang='lat' dir='ltr'><strong>haec</strong></span> <span class='ocrx_word' id='word_1_257' title='bbox 683 3447 751 3499; x_wconf 86' lang='lat' dir='ltr'><strong>iuter</strong></span> <span class='ocrx_word' id='word_1_258' title='bbox 763 3457 862 3508; x_wconf 84' lang='lat' dir='ltr'><strong>utrum·</strong></span> <span class='ocrx_word' id='word_1_259' title='bbox 914 3439 1013 3494; x_wconf 80' lang='lat' dir='ltr'><strong>sabulos</strong></span> <span class='ocrx_word' id='word_1_260' title='bbox 1029 3453 1185 3496; x_wconf 86' lang='lat' dir='ltr'><strong>accesserant</strong></span> <span class='ocrx_word' id='word_1_261' title='bbox 1198 3443 1339 3516; x_wconf 81' lang='lat' dir='ltr'><strong>satyricos,</strong></span> <span class='ocrx_word' id='word_1_262' title='bbox 1358 3443 1390 3496; x_wconf 83' lang='lat' dir='ltr'><strong>nd</strong></span> <span class='ocrx_word' id='word_1_263' title='bbox 1406 3441 1456 3498; x_wconf 84' lang='lat' dir='ltr'><strong>laos</strong></span> 
     </span>
     <span class='ocr_line' id='line_1_32' title="bbox 329 3524 1453 3603; baseline 0 -21"><span class='ocrx_word' id='word_1_264' title='bbox 329 3545 380 3600; x_wconf 74' lang='lat' dir='ltr'><strong>qus</strong></span> <span class='ocrx_word' id='word_1_265' title='bbox 401 3528 527 3603; x_wconf 78' lang='lat' dir='ltr'><strong>satyricae</strong></span> <span class='ocrx_word' id='word_1_266' title='bbox 543 3532 648 3601; x_wconf 64' lang='lat' dir='ltr'><strong>poeseos</strong></span> <span class='ocrx_word' id='word_1_267' title='bbox 669 3547 752 3601; x_wconf 81' lang='lat' dir='ltr'><strong>genus</strong></span> <span class='ocrx_word' id='word_1_268' title='bbox 769 3529 861 3584; x_wconf 79' lang='lat' dir='ltr'><strong>discr-i·</strong></span> <span class='ocrx_word' id='word_1_269' title='bbox 915 3524 1040 3596; x_wconf 83' lang='lat' dir='ltr'><strong>ita-quasi</strong></span> <span class='ocrx_word' id='word_1_270' title='bbox 1063 3527 1228 3582; x_wconf 81' lang='lat' dir='ltr'><strong>transfudisse</strong></span> <span class='ocrx_word' id='word_1_271' title='bbox 1253 3528 1375 3582; x_wconf 85' lang='lat' dir='ltr'><strong>videntur</strong></span> <span class='ocrx_word' id='word_1_272' title='bbox 1399 3531 1453 3582; x_wconf 90' lang='lat' dir='ltr'><strong>Cu-</strong></span> 
     </span>
     <span class='ocr_line' id='line_1_33' title="bbox 328 3611 1455 3686; baseline -0.003 -17"><span class='ocrx_word' id='word_1_273' title='bbox 328 3613 731 3686; x_wconf 81' lang='lat' dir='ltr'><strong>mipaintercessissearbitratur:</strong></span> <span class='ocrx_word' id='word_1_274' title='bbox 740 3619 865 3668; x_wconf 80' lang='lat' dir='ltr'><strong>“l.⁰Tra-</strong></span> <span class='ocrx_word' id='word_1_275' title='bbox 915 3611 1033 3662; x_wconf 87' lang='lat' dir='ltr'><strong>moediae</strong></span> <span class='ocrx_word' id='word_1_276' title='bbox 1047 3611 1163 3666; x_wconf 84' lang='lat' dir='ltr'><strong>indolem</strong></span> <span class='ocrx_word' id='word_1_277' title='bbox 1173 3653 1180 3678; x_wconf 91' lang='lat'>‚</span> <span class='ocrx_word' id='word_1_278' title='bbox 1192 3623 1221 3664; x_wconf 91' lang='lat' dir='ltr'><strong>ut</strong></span> <span class='ocrx_word' id='word_1_279' title='bbox 1234 3631 1315 3682; x_wconf 86' lang='lat' dir='ltr'><strong>quum</strong></span> <span class='ocrx_word' id='word_1_280' title='bbox 1333 3611 1378 3666; x_wconf 85' lang='lat' dir='ltr'><strong>alii</strong></span> <span class='ocrx_word' id='word_1_281' title='bbox 1393 3631 1455 3669; x_wconf 79' lang='lat' dir='ltr'><strong>ma·</strong></span> 
     </span>
     <span class='ocr_line' id='line_1_34' title="bbox 323 3687 1455 3766; baseline 0 -18"><span class='ocrx_word' id='word_1_282' title='bbox 323 3691 380 3766; x_wconf 75' lang='lat' dir='ltr'><strong>¹gici</strong></span> <span class='ocrx_word' id='word_1_283' title='bbox 394 3687 483 3766; x_wconf 79' lang='lat' dir='ltr'><strong>politae</strong></span> <span class='ocrx_word' id='word_1_284' title='bbox 493 3737 500 3760; x_wconf 90' lang='lat'><strong>,</strong></span> <span class='ocrx_word' id='word_1_285' title='bbox 512 3695 552 3748; x_wconf 87' lang='lat' dir='ltr'><strong>uti</strong></span> <span class='ocrx_word' id='word_1_286' title='bbox 562 3695 753 3765; x_wconf 85' lang='lat' dir='ltr'><strong>tragoediarum</strong></span> <span class='ocrx_word' id='word_1_287' title='bbox 760 3736 770 3760; x_wconf 90' lang='lat'><strong>,</strong></span> <span class='ocrx_word' id='word_1_288' title='bbox 780 3695 815 3749; x_wconf 91' lang='lat' dir='ltr'><strong>ita</strong></span> <span class='ocrx_word' id='word_1_289' title='bbox 825 3716 864 3750; x_wconf 81' lang='lat' dir='ltr'><strong>sa·</strong></span> <span class='ocrx_word' id='word_1_290' title='bbox 915 3693 1176 3750; x_wconf 82' lang='lat' dir='ltr'><strong>ledicendilicentiatn</strong></span> <span class='ocrx_word' id='word_1_291' title='bbox 1184 3715 1213 3748; x_wconf 80' lang='lat' dir='ltr'><strong>ex</strong></span> <span class='ocrx_word' id='word_1_292' title='bbox 1221 3715 1250 3749; x_wconf 85' lang='lat' dir='ltr'><strong>ea</strong></span> <span class='ocrx_word' id='word_1_293' title='bbox 1257 3697 1455 3760; x_wconf 85' lang='lat' dir='ltr'><strong>adsumsissent,</strong></span> 
     </span>
     <span class='ocr_line' id='line_1_35' title="bbox 328 3776 1459 3850; baseline 0.004 -20"><span class='ocrx_word' id='word_1_294' title='bbox 328 3778 473 3850; x_wconf 76' lang='lat' dir='ltr'><strong>tyricorurn</strong></span> <span class='ocrx_word' id='word_1_295' title='bbox 485 3797 589 3848; x_wconf 83' lang='lat' dir='ltr'><strong>quoque</strong></span> <span class='ocrx_word' id='word_1_296' title='bbox 602 3779 767 3842; x_wconf 74' lang='lat' dir='ltr'><strong>dramatum,</strong></span> <span class='ocrx_word' id='word_1_297' title='bbox 784 3791 863 3834; x_wconf 83' lang='lat' dir='ltr'><strong>mnte-</strong></span> <span class='ocrx_word' id='word_1_298' title='bbox 916 3776 961 3830; x_wconf 84' lang='lat' dir='ltr'><strong>alii</strong></span> <span class='ocrx_word' id='word_1_299' title='bbox 980 3778 1007 3830; x_wconf 88' lang='lat' dir='ltr'><strong>iu</strong></span> <span class='ocrx_word' id='word_1_300' title='bbox 1025 3779 1215 3850; x_wconf 86' lang='lat' dir='ltr'><strong>tragoediarum</strong></span> <span class='ocrx_word' id='word_1_301' title='bbox 1235 3789 1320 3836; x_wconf 82' lang='lat' dir='ltr'><strong>esseut</strong></span> <span class='ocrx_word' id='word_1_302' title='bbox 1332 3798 1459 3850; x_wconf 63' lang='lat' dir='ltr'><strong>patrem</strong></span> 
     </span>
     <span class='ocr_line' id='line_1_36' title="bbox 328 3861 1456 3935; baseline 0.002 -21"><span class='ocrx_word' id='word_1_303' title='bbox 328 3865 396 3914; x_wconf 83' lang='lat' dir='ltr'><strong>riern</strong></span> <span class='ocrx_word' id='word_1_304' title='bbox 408 3861 503 3934; x_wconf 85' lang='lat' dir='ltr'><strong>ecyelo</strong></span> <span class='ocrx_word' id='word_1_305' title='bbox 515 3861 630 3934; x_wconf 80' lang='lat' dir='ltr'><strong>mythico</strong></span> <span class='ocrx_word' id='word_1_306' title='bbox 637 3866 744 3934; x_wconf 88' lang='lat' dir='ltr'><strong>petiere,</strong></span> <span class='ocrx_word' id='word_1_307' title='bbox 752 3864 797 3932; x_wconf 87' lang='lat' dir='ltr'><strong>qni</strong></span> <span class='ocrx_word' id='word_1_308' title='bbox 808 3864 865 3935; x_wconf 77' lang='lat' dir='ltr'><strong>plu·</strong></span> <span class='ocrx_word' id='word_1_309' title='bbox 917 3871 943 3914; x_wconf 86' lang='lat' dir='ltr'><strong>et</strong></span> <span class='ocrx_word' id='word_1_310' title='bbox 955 3862 987 3914; x_wconf 89' lang='lat' dir='ltr'><strong>ad</strong></span> <span class='ocrx_word' id='word_1_311' title='bbox 1001 3861 1082 3916; x_wconf 84' lang='lat' dir='ltr'><strong>risum</strong></span> <span class='ocrx_word' id='word_1_312' title='bbox 1093 3865 1233 3934; x_wconf 82' lang='lat' dir='ltr'><strong>composita</strong></span> <span class='ocrx_word' id='word_1_313' title='bbox 1248 3863 1394 3916; x_wconf 83' lang='lat' dir='ltr'><strong>imitatione</strong></span> <span class='ocrx_word' id='word_1_314' title='bbox 1408 3883 1456 3916; x_wconf 88' lang='lat' dir='ltr'><strong>oe·</strong></span> 
     </span>
     <span class='ocr_line' id='line_1_37' title="bbox 257 3945 1454 4016; baseline 0.005 -20"><span class='ocrx_word' id='word_1_315' title='bbox 257 3956 259 3964; x_wconf 89' lang='grc'><strong>’</strong></span> <span class='ocrx_word' id='word_1_316' title='bbox 327 3945 429 3998; x_wconf 77' lang='lat' dir='ltr'><strong>almum</strong></span> <span class='ocrx_word' id='word_1_317' title='bbox 443 3945 475 4000; x_wconf 90' lang='lat' dir='ltr'><strong>iis</strong></span> <span class='ocrx_word' id='word_1_318' title='bbox 488 3947 630 4016; x_wconf 81' lang='lat' dir='ltr'><strong>praestabot</strong></span> <span class='ocrx_word' id='word_1_319' title='bbox 640 3958 667 4000; x_wconf 85' lang='lat' dir='ltr'><strong>et</strong></span> <span class='ocrx_word' id='word_1_320' title='bbox 674 3947 867 4002; x_wconf 80' lang='lat' dir='ltr'><strong>commoditatis</strong></span> <span class='ocrx_word' id='word_1_321' title='bbox 917 3946 1014 4016; x_wconf 78' lang='lat' dir='ltr'><strong>cupali,</strong></span> <span class='ocrx_word' id='word_1_322' title='bbox 1032 3947 1272 4016; x_wconf 82' lang='lat' dir='ltr'><strong>proseminarentur</strong></span> <span class='ocrx_word' id='word_1_323' title='bbox 1291 3947 1357 4002; x_wconf 85' lang='lat' dir='ltr'><strong>duae</strong></span> <span class='ocrx_word' id='word_1_324' title='bbox 1378 3947 1454 4002; x_wconf 81' lang='lat' dir='ltr'><strong>velut</strong></span> 
     </span>
     <span class='ocr_line' id='line_1_38' title="bbox 328 4028 1459 4104; baseline -0.001 -21"><span class='ocrx_word' id='word_1_325' title='bbox 328 4029 490 4104; x_wconf 76' lang='lat' dir='ltr'><strong>addagaudi</strong></span> <span class='ocrx_word' id='word_1_326' title='bbox 504 4031 862 4101; x_wconf 80' lang='lat' dir='ltr'><strong>probabilitatem,etverie·</strong></span> <span class='ocrx_word' id='word_1_327' title='bbox 917 4029 1046 4092; x_wconf 81' lang='lat' dir='ltr'><strong>seruilius.</strong></span> <span class='ocrx_word' id='word_1_328' title='bbox 1073 4030 1162 4084; x_wconf 77' lang='lat' dir='ltr'><strong>inultis</strong></span> <span class='ocrx_word' id='word_1_329' title='bbox 1189 4029 1320 4084; x_wconf 88' lang='lat' dir='ltr'><strong>ornandae</strong></span> <span class='ocrx_word' id='word_1_330' title='bbox 1350 4028 1459 4084; x_wconf 76' lang='lat' dir='ltr'><strong>tabulae</strong></span> 
     </span>
     <span class='ocr_line' id='line_1_39' title="bbox 279 4113 1457 4188; baseline -0.002 -18"><span class='ocrx_word' id='word_1_331' title='bbox 279 4137 281 4144; x_wconf 94' lang='lat'>·</span> <span class='ocrx_word' id='word_1_332' title='bbox 329 4113 389 4170; x_wconf 78' lang='lat' dir='ltr'><strong>ntia</strong></span> <span class='ocrx_word' id='word_1_333' title='bbox 412 4114 445 4170; x_wconf 81' lang='lat' dir='ltr'><strong>sd</strong></span> <span class='ocrx_word' id='word_1_334' title='bbox 462 4125 636 4186; x_wconf 83' lang='lat' dir='ltr'><strong>spectatorum</strong></span> <span class='ocrx_word' id='word_1_335' title='bbox 660 4114 866 4174; x_wconf 83' lang='lat' dir='ltr'><strong>delectationem.</strong></span> <span class='ocrx_word' id='word_1_336' title='bbox 919 4115 1056 4188; x_wconf 85' lang='lat' dir='ltr'><strong>generibus</strong></span> <span class='ocrx_word' id='word_1_337' title='bbox 1067 4113 1255 4180; x_wconf 86' lang='lat' dir='ltr'><strong>sociae,inheo</strong></span> <span class='ocrx_word' id='word_1_338' title='bbox 1267 4113 1375 4186; x_wconf 86' lang='lat' dir='ltr'><strong>quidem</strong></span> <span class='ocrx_word' id='word_1_339' title='bbox 1385 4125 1457 4168; x_wconf 85' lang='lat' dir='ltr'><strong>certa</strong></span> 
     </span>
     <span class='ocr_line' id='line_1_40' title="bbox 319 4195 1457 4279; baseline 0.001 -26"><span class='ocrx_word' id='word_1_340' title='bbox 319 4198 404 4268; x_wconf 67' lang='lat' dir='ltr'><strong>Quae</strong></span> <span class='ocrx_word' id='word_1_341' title='bbox 422 4210 578 4270; x_wconf 83' lang='lat' dir='ltr'><strong>argumenta</strong></span> <span class='ocrx_word' id='word_1_342' title='bbox 594 4199 654 4256; x_wconf 85' lang='lat' dir='ltr'><strong>licat</strong></span> <span class='ocrx_word' id='word_1_343' title='bbox 667 4201 759 4256; x_wconf 89' lang='lat' dir='ltr'><strong>comici</strong></span> <span class='ocrx_word' id='word_1_344' title='bbox 777 4205 868 4279; x_wconf 76' lang='lat' dir='ltr'><strong>poe&#39;tae</strong></span> <span class='ocrx_word' id='word_1_345' title='bbox 920 4197 1079 4270; x_wconf 84' lang='lat' dir='ltr'><strong>aliquantum</strong></span> <span class='ocrx_word' id='word_1_346' title='bbox 1095 4199 1250 4266; x_wconf 85' lang='lat' dir='ltr'><strong>disiunctas,</strong></span> <span class='ocrx_word' id='word_1_347' title='bbox 1262 4198 1332 4268; x_wconf 89' lang='lat' dir='ltr'><strong>quod</strong></span> <span class='ocrx_word' id='word_1_348' title='bbox 1345 4195 1457 4254; x_wconf 82' lang='lat' dir='ltr'><strong>delecta-</strong></span> 
     </span>
     <span class='ocr_line' id='line_1_41' title="bbox 331 4282 1454 4356; baseline 0 -20"><span class='ocrx_word' id='word_1_349' title='bbox 331 4301 386 4337; x_wconf 87' lang='lat' dir='ltr'><strong>nou</strong></span> <span class='ocrx_word' id='word_1_350' title='bbox 405 4301 508 4354; x_wconf 84' lang='lat' dir='ltr'><strong>prorsus</strong></span> <span class='ocrx_word' id='word_1_351' title='bbox 535 4285 770 4356; x_wconf 71' lang='lat' dir='ltr'><strong>adspernarenturp</strong></span> <span class='ocrx_word' id='word_1_352' title='bbox 792 4286 869 4340; x_wconf 84' lang='lat' dir='ltr'><strong>mariti</strong></span> <span class='ocrx_word' id='word_1_353' title='bbox 920 4285 1018 4338; x_wconf 86' lang='lat' dir='ltr'><strong>tionem</strong></span> <span class='ocrx_word' id='word_1_354' title='bbox 1036 4295 1208 4356; x_wconf 86' lang='lat' dir='ltr'><strong>spectatorum</strong></span> <span class='ocrx_word' id='word_1_355' title='bbox 1226 4282 1454 4356; x_wconf 84' lang='lat' dir='ltr'><strong>approbationem·</strong></span> 
     </span>
     <span class='ocr_line' id='line_1_42' title="bbox 331 4367 1458 4440; baseline -0.002 -20"><span class='ocrx_word' id='word_1_356' title='bbox 331 4375 420 4422; x_wconf 81' lang='lat' dir='ltr'><strong>nmen</strong></span> <span class='ocrx_word' id='word_1_357' title='bbox 439 4385 454 4418; x_wconf 87' lang='lat' dir='ltr'><strong>e</strong></span> <span class='ocrx_word' id='word_1_358' title='bbox 475 4369 528 4421; x_wconf 82' lang='lat' dir='ltr'><strong>site</strong></span> <span class='ocrx_word' id='word_1_359' title='bbox 554 4369 689 4423; x_wconf 83' lang='lat' dir='ltr'><strong>communi</strong></span> <span class='ocrx_word' id='word_1_360' title='bbox 720 4367 870 4422; x_wconf 85' lang='lat' dir='ltr'><strong>maluerunt</strong></span> <span class='ocrx_word' id='word_1_361' title='bbox 922 4369 1458 4440; x_wconf 76' lang='lat' dir='ltr'><strong>quediversuurgmnentitraetuaionequae·</strong></span> 
     </span>
    </p>
   </div>
   <div class='ocr_carea' id='block_1_4' title="bbox 331 4449 1460 4541">
    <p class='ocr_par' dir='ltr' id='par_1_4' title="bbox 331 4449 1460 4541">
     <span class='ocr_line' id='line_1_43' title="bbox 331 4449 1460 4541; baseline 0.003 -33"><span class='ocrx_word' id='word_1_362' title='bbox 331 4449 532 4541; x_wconf 78' lang='lat' dir='ltr'><strong>quotidianoque</strong></span> <span class='ocrx_word' id='word_1_363' title='bbox 544 4452 732 4514; x_wconf 77' lang='lat' dir='ltr'><strong>consuetudins</strong></span> <span class='ocrx_word' id='word_1_364' title='bbox 747 4471 778 4516; x_wconf 81' lang='lat' dir='ltr'><strong>su</strong></span> <span class='ocrx_word' id='word_1_365' title='bbox 793 4468 866 4534; x_wconf 78' lang='lat' dir='ltr'><strong>repa·</strong></span> <span class='ocrx_word' id='word_1_366' title='bbox 921 4465 1017 4518; x_wconf 77' lang='lat' dir='ltr'><strong>terent</strong></span> <span class='ocrx_word' id='word_1_367' title='bbox 1033 4454 1135 4512; x_wconf 82' lang='lat' dir='ltr'><strong>Eteuim</strong></span> <span class='ocrx_word' id='word_1_368' title='bbox 1141 4454 1217 4534; x_wconf 80' lang='lat' dir='ltr'><strong>quiin</strong></span> <span class='ocrx_word' id='word_1_369' title='bbox 1225 4453 1371 4513; x_wconf 80' lang='lat' dir='ltr'><strong>domesticis</strong></span> <span class='ocrx_word' id='word_1_370' title='bbox 1378 4453 1460 4535; x_wconf 71' lang='lat' dir='ltr'><strong>arg&#39;u-</strong></span> 
     </span>
    </p>
   </div>
   <div class='ocr_carea' id='block_1_5' title="bbox 0 0 1530 5498">
    <p class='ocr_par' dir='ltr' id='par_1_5' title="bbox 0 0 1530 5498">
     <span class='ocr_line' id='line_1_44' title="bbox 0 0 1530 5498; baseline 0 0"><span class='ocrx_word' id='word_1_371' title='bbox 0 0 1530 5498; x_wconf 95' lang='lat' dir='ltr'><strong> </strong></span> 
     </span>
    </p>
   </div>
  </div>
 </body>
</html>
