<?xml version="1.0" encoding="UTF-8"?>
<!DOCTYPE html PUBLIC "-//W3C//DTD XHTML 1.0 Transitional//EN"
    "http://www.w3.org/TR/xhtml1/DTD/xhtml1-transitional.dtd">
<html xmlns="http://www.w3.org/1999/xhtml" xml:lang="en" lang="en">
 <head>
  <title>
</title>
<meta http-equiv="Content-Type" content="text/html;charset=utf-8" />
  <meta name='ocr-system' content='tesseract 3.04.00' />
  <meta name='ocr-capabilities' content='ocr_page ocr_carea ocr_par ocr_line ocrx_word'/>
</head>
<body>
  <div class='ocr_page' id='page_1' title='image "./diuniiiuvenalis00persgoog_0479.png"; bbox 0 0 3120 5494; ppageno 0'>
   <div class='ocr_carea' id='block_1_1' title="bbox 358 381 1284 474">
    <p class='ocr_par' dir='ltr' id='par_1_1' title="bbox 358 381 1284 474">
     <span class='ocr_line' id='line_1_1' title="bbox 358 381 1284 474; baseline 0.006 -6"><span class='ocrx_word' id='word_1_1' title='bbox 358 415 542 472; x_wconf 77' lang='lat' dir='ltr'>isoninvs</span> <span class='ocrx_word' id='word_1_2' title='bbox 579 413 633 471; x_wconf 83' lang='lat' dir='ltr'>nr</span> <span class='ocrx_word' id='word_1_3' title='bbox 669 413 895 474; x_wconf 77' lang='lat' dir='ltr'>senisenni</span> <span class='ocrx_word' id='word_1_4' title='bbox 933 413 1107 472; x_wconf 75' lang='lat' dir='ltr'>cruens</span> <span class='ocrx_word' id='word_1_5' title='bbox 1197 381 1284 474; x_wconf 76' lang='lat'>331</span> 
     </span>
    </p>
   </div>
   <div class='ocr_carea' id='block_1_2' title="bbox 100 613 1302 3071">
    <p class='ocr_par' dir='ltr' id='par_1_2' title="bbox 174 613 1299 1066">
     <span class='ocr_line' id='line_1_2' title="bbox 174 613 1295 698; baseline -0.002 -20"><span class='ocrx_word' id='word_1_6' title='bbox 174 614 267 694; x_wconf 77' lang='lat' dir='ltr'>Quod</span> <span class='ocrx_word' id='word_1_7' title='bbox 283 615 366 678; x_wconf 88' lang='lat' dir='ltr'>enim</span> <span class='ocrx_word' id='word_1_8' title='bbox 381 613 473 687; x_wconf 87' lang='lat' dir='ltr'>dicit,</span> <span class='ocrx_word' id='word_1_9' title='bbox 492 615 663 676; x_wconf 86' lang='lat' dir='ltr'>Cornutum</span> <span class='ocrx_word' id='word_1_10' title='bbox 684 633 779 674; x_wconf 88' lang='lat' dir='ltr'>naum</span> <span class='ocrx_word' id='word_1_11' title='bbox 800 633 835 674; x_wconf 87' lang='lat' dir='ltr'>ve</span> <span class='ocrx_word' id='word_1_12' title='bbox 870 635 920 674; x_wconf 87' lang='lat' dir='ltr'>om</span> <span class='ocrx_word' id='word_1_13' title='bbox 945 614 1089 698; x_wconf 84' lang='lat' dir='ltr'>inprims</span> <span class='ocrx_word' id='word_1_14' title='bbox 1110 615 1201 676; x_wconf 83' lang='lat' dir='ltr'>sstirs</span> <span class='ocrx_word' id='word_1_15' title='bbox 1220 637 1295 698; x_wconf 81' lang='lat' dir='ltr'>nin·-</span> 
     </span>
     <span class='ocr_line' id='line_1_3' title="bbox 175 635 1298 800; baseline -0.002 -26"><span class='ocrx_word' id='word_1_16' title='bbox 175 723 272 784; x_wconf 86' lang='lat' dir='ltr'>tasse,</span> <span class='ocrx_word' id='word_1_17' title='bbox 293 731 333 770; x_wconf 89' lang='lat' dir='ltr'>ue</span> <span class='ocrx_word' id='word_1_18' title='bbox 352 729 422 770; x_wconf 80' lang='lat' dir='ltr'>euru</span> <span class='ocrx_word' id='word_1_19' title='bbox 445 708 534 800; x_wconf 65' lang='lat' dir='ltr'>adpo</span> <span class='ocrx_word' id='word_1_20' title='bbox 554 709 686 770; x_wconf 86' lang='lat' dir='ltr'>truheret</span> <span class='ocrx_word' id='word_1_21' title='bbox 707 710 809 784; x_wconf 86' lang='lat' dir='ltr'>Nero,</span> <span class='ocrx_word' id='word_1_22' title='bbox 830 635 895 782; x_wconf 56' lang='lat' dir='ltr'>(lb)</span> <span class='ocrx_word' id='word_1_23' title='bbox 918 719 977 770; x_wconf 86' lang='lat' dir='ltr'>tam</span> <span class='ocrx_word' id='word_1_24' title='bbox 994 709 1158 772; x_wconf 84' lang='lat' dir='ltr'>absurdum</span> <span class='ocrx_word' id='word_1_25' title='bbox 1180 719 1243 790; x_wconf 85' lang='lat' dir='ltr'>est,</span> <span class='ocrx_word' id='word_1_26' title='bbox 1261 720 1298 772; x_wconf 88' lang='lat' dir='ltr'>ut</span> 
     </span>
     <span class='ocr_line' id='line_1_4' title="bbox 176 803 1299 885; baseline -0.001 -20"><span class='ocrx_word' id='word_1_27' title='bbox 176 805 270 866; x_wconf 73' lang='lat' dir='ltr'>unirer</span> <span class='ocrx_word' id='word_1_28' title='bbox 291 804 399 878; x_wconf 83' lang='lat' dir='ltr'>luisse,</span> <span class='ocrx_word' id='word_1_29' title='bbox 431 804 485 884; x_wconf 88' lang='lat' dir='ltr'>qui</span> <span class='ocrx_word' id='word_1_30' title='bbox 510 803 684 864; x_wconf 68' lang='lat' dir='ltr'>&#39;huiusmodi</span> <span class='ocrx_word' id='word_1_31' title='bbox 706 803 781 885; x_wconf 90' lang='lat' dir='ltr'>quid</span> <span class='ocrx_word' id='word_1_32' title='bbox 811 803 890 864; x_wconf 89' lang='lat' dir='ltr'>serio</span> <span class='ocrx_word' id='word_1_33' title='bbox 911 813 1102 884; x_wconf 76' lang='lat' dir='ltr'>repeterent,</span> <span class='ocrx_word' id='word_1_34' title='bbox 1126 825 1184 866; x_wconf 84' lang='lat' dir='ltr'>nec</span> <span class='ocrx_word' id='word_1_35' title='bbox 1203 803 1299 865; x_wconf 86' lang='lat' dir='ltr'>intel-</span> 
     </span>
     <span class='ocr_line' id='line_1_5' title="bbox 175 897 1298 981; baseline 0.004 -25"><span class='ocrx_word' id='word_1_36' title='bbox 175 898 385 979; x_wconf 81' lang='lat' dir='ltr'>ligerent,ex</span> <span class='ocrx_word' id='word_1_37' title='bbox 405 899 488 958; x_wconf 83' lang='lat' dir='ltr'>saris</span> <span class='ocrx_word' id='word_1_38' title='bbox 510 898 650 960; x_wconf 83' lang='lat' dir='ltr'>codicum</span> <span class='ocrx_word' id='word_1_39' title='bbox 673 897 803 960; x_wconf 82' lang='lat' dir='ltr'>lectione</span> <span class='ocrx_word' id='word_1_40' title='bbox 825 899 1053 979; x_wconf 73' lang='lat' dir='ltr'>grammaticum</span> <span class='ocrx_word' id='word_1_41' title='bbox 1081 900 1183 962; x_wconf 86' lang='lat' dir='ltr'>nescio</span> <span class='ocrx_word' id='word_1_42' title='bbox 1206 920 1298 981; x_wconf 83' lang='lat' dir='ltr'>quens</span> 
     </span>
     <span class='ocr_line' id='line_1_6' title="bbox 174 991 518 1066; baseline 0.006 -14"><span class='ocrx_word' id='word_1_43' title='bbox 174 993 248 1056; x_wconf 87' lang='lat' dir='ltr'>illud</span> <span class='ocrx_word' id='word_1_44' title='bbox 265 991 439 1054; x_wconf 76' lang='lat' dir='ltr'><strong>somniasse.</strong></span> <span class='ocrx_word' id='word_1_45' title='bbox 452 994 518 1066; x_wconf 78' lang='lat' dir='ltr'>(iti)</span> 
     </span>
    </p>

    <p class='ocr_par' dir='ltr' id='par_1_3' title="bbox 100 1087 1302 2766">
     <span class='ocr_line' id='line_1_7' title="bbox 214 1087 1301 1170; baseline 0.001 -21"><span class='ocrx_word' id='word_1_46' title='bbox 214 1091 252 1150; x_wconf 89' lang='lat' dir='ltr'>ln</span> <span class='ocrx_word' id='word_1_47' title='bbox 284 1107 407 1148; x_wconf 88' lang='lat' dir='ltr'>morum</span> <span class='ocrx_word' id='word_1_48' title='bbox 427 1087 618 1170; x_wconf 79' lang='lat' dir='ltr'><strong>turpitudine</strong></span> <span class='ocrx_word' id='word_1_49' title='bbox 651 1088 803 1169; x_wconf 79' lang='lat' dir='ltr'>curpenda</span> <span class='ocrx_word' id='word_1_50' title='bbox 824 1088 901 1150; x_wconf 86' lang='lat' dir='ltr'>dum</span> <span class='ocrx_word' id='word_1_51' title='bbox 927 1101 1064 1151; x_wconf 82' lang='lat' dir='ltr'>versatur</span> <span class='ocrx_word' id='word_1_52' title='bbox 1085 1089 1220 1162; x_wconf 86' lang='lat' dir='ltr'>Persius,</span> <span class='ocrx_word' id='word_1_53' title='bbox 1251 1110 1301 1150; x_wconf 87' lang='lat' dir='ltr'>res</span> 
     </span>
     <span class='ocr_line' id='line_1_8' title="bbox 174 1180 1301 1263; baseline 0 -21"><span class='ocrx_word' id='word_1_54' title='bbox 174 1181 250 1244; x_wconf 81' lang='lat' dir='ltr'>adeo</span> <span class='ocrx_word' id='word_1_55' title='bbox 271 1181 298 1241; x_wconf 91' lang='lat' dir='ltr'>ci</span> <span class='ocrx_word' id='word_1_56' title='bbox 324 1181 447 1260; x_wconf 82' lang='lat' dir='ltr'>indigne</span> <span class='ocrx_word' id='word_1_57' title='bbox 469 1190 559 1263; x_wconf 81' lang='lat' dir='ltr'>utque</span> <span class='ocrx_word' id='word_1_58' title='bbox 581 1180 770 1242; x_wconf 77' lang='lat' dir='ltr'>intoleranda</span> <span class='ocrx_word' id='word_1_59' title='bbox 792 1181 933 1254; x_wconf 82' lang='lat' dir='ltr'>videtur,</span> <span class='ocrx_word' id='word_1_60' title='bbox 955 1193 1004 1256; x_wconf 91' lang='lat' dir='ltr'>ut,</span> <span class='ocrx_word' id='word_1_61' title='bbox 1019 1181 1182 1246; x_wconf 75' lang='lat' dir='ltr'>iudicioex</span> <span class='ocrx_word' id='word_1_62' title='bbox 1197 1191 1301 1242; x_wconf 88' lang='lat' dir='ltr'>nostro</span> 
     </span>
     <span class='ocr_line' id='line_1_9' title="bbox 173 1275 1302 1358; baseline -0.003 -18"><span class='ocrx_word' id='word_1_63' title='bbox 173 1297 265 1340; x_wconf 83' lang='lat' dir='ltr'>sensu</span> <span class='ocrx_word' id='word_1_64' title='bbox 286 1275 362 1350; x_wconf 82' lang='lat' dir='ltr'>lato,</span> <span class='ocrx_word' id='word_1_65' title='bbox 385 1275 484 1336; x_wconf 84' lang='lat' dir='ltr'>serbis</span> <span class='ocrx_word' id='word_1_66' title='bbox 504 1287 535 1338; x_wconf 91' lang='lat' dir='ltr'>et</span> <span class='ocrx_word' id='word_1_67' title='bbox 555 1276 739 1338; x_wconf 78' lang='lat' dir='ltr'>dictionibus</span> <span class='ocrx_word' id='word_1_68' title='bbox 761 1287 862 1338; x_wconf 90' lang='lat' dir='ltr'>utatur</span> <span class='ocrx_word' id='word_1_69' title='bbox 901 1276 1075 1349; x_wconf 84' lang='lat' dir='ltr'>obscoenis,</span> <span class='ocrx_word' id='word_1_70' title='bbox 1099 1287 1130 1338; x_wconf 91' lang='lat' dir='ltr'>et</span> <span class='ocrx_word' id='word_1_71' title='bbox 1150 1279 1180 1338; x_wconf 90' lang='lat' dir='ltr'>io</span> <span class='ocrx_word' id='word_1_72' title='bbox 1206 1277 1302 1358; x_wconf 87' lang='lat' dir='ltr'>tropis</span> 
     </span>
     <span class='ocr_line' id='line_1_10' title="bbox 174 1359 1301 1452; baseline 0 -20"><span class='ocrx_word' id='word_1_73' title='bbox 174 1373 341 1452; x_wconf 75' lang='lat' dir='ltr'>figurisque</span> <span class='ocrx_word' id='word_1_74' title='bbox 361 1369 530 1451; x_wconf 80' lang='lat' dir='ltr'>deligendis</span> <span class='ocrx_word' id='word_1_75' title='bbox 551 1359 675 1432; x_wconf 85' lang='lat' dir='ltr'>om&#39;nem</span> <span class='ocrx_word' id='word_1_76' title='bbox 696 1373 822 1434; x_wconf 85' lang='lat' dir='ltr'>modurn</span> <span class='ocrx_word' id='word_1_77' title='bbox 837 1372 876 1434; x_wconf 86' lang='lat' dir='ltr'>ita</span> <span class='ocrx_word' id='word_1_78' title='bbox 898 1373 1045 1449; x_wconf 83' lang='lat' dir='ltr'>excedat,</span> <span class='ocrx_word' id='word_1_79' title='bbox 1066 1383 1100 1432; x_wconf 90' lang='lat' dir='ltr'>ut</span> <span class='ocrx_word' id='word_1_80' title='bbox 1123 1373 1301 1446; x_wconf 86' lang='lat' dir='ltr'>interdum,</span> 
     </span>
     <span class='ocr_line' id='line_1_11' title="bbox 173 1465 1298 1551; baseline 0.004 -25"><span class='ocrx_word' id='word_1_81' title='bbox 173 1465 246 1548; x_wconf 90' lang='lat' dir='ltr'>quid</span> <span class='ocrx_word' id='word_1_82' title='bbox 267 1465 324 1527; x_wconf 88' lang='lat' dir='ltr'>sihi</span> <span class='ocrx_word' id='word_1_83' title='bbox 347 1465 438 1540; x_wconf 82' lang='lat' dir='ltr'>velit,</span> <span class='ocrx_word' id='word_1_84' title='bbox 460 1466 549 1546; x_wconf 80' lang='lat' dir='ltr'>plane</span> <span class='ocrx_word' id='word_1_85' title='bbox 564 1467 739 1530; x_wconf 86' lang='lat' dir='ltr'>nesciamus.</span> <span class='ocrx_word' id='word_1_86' title='bbox 760 1473 880 1551; x_wconf 77' lang='lat' dir='ltr'>Atque,</span> <span class='ocrx_word' id='word_1_87' title='bbox 901 1468 927 1530; x_wconf 87' lang='lat' dir='ltr'>si</span> <span class='ocrx_word' id='word_1_88' title='bbox 947 1489 1013 1530; x_wconf 88' lang='lat' dir='ltr'>rem</span> <span class='ocrx_word' id='word_1_89' title='bbox 1034 1468 1206 1530; x_wconf 82' lang='lat' dir='ltr'>adcuratius</span> <span class='ocrx_word' id='word_1_90' title='bbox 1227 1489 1298 1530; x_wconf 84' lang='lat' dir='ltr'>oon·</span> 
     </span>
     <span class='ocr_line' id='line_1_12' title="bbox 173 1559 1299 1645; baseline 0 -23"><span class='ocrx_word' id='word_1_91' title='bbox 173 1560 363 1634; x_wconf 75' lang='lat' dir='ltr'>sideramus,</span> <span class='ocrx_word' id='word_1_92' title='bbox 383 1559 528 1642; x_wconf 81' lang='lat' dir='ltr'>adparet,</span> <span class='ocrx_word' id='word_1_93' title='bbox 546 1583 617 1624; x_wconf 82' lang='lat' dir='ltr'>euna</span> <span class='ocrx_word' id='word_1_94' title='bbox 639 1583 700 1624; x_wconf 87' lang='lat' dir='ltr'>non</span> <span class='ocrx_word' id='word_1_95' title='bbox 722 1562 773 1628; x_wconf 83' lang='lat' dir='ltr'>itls</span> <span class='ocrx_word' id='word_1_96' title='bbox 794 1561 999 1626; x_wconf 77' lang='lat' dir='ltr'>abominanda</span> <span class='ocrx_word' id='word_1_97' title='bbox 1020 1562 1170 1645; x_wconf 73' lang='lat' dir='ltr'>adtigisse,</span> <span class='ocrx_word' id='word_1_98' title='bbox 1189 1561 1299 1643; x_wconf 83' lang='lat' dir='ltr'>quibus</span> 
     </span>
     <span class='ocr_line' id='line_1_13' title="bbox 177 1649 1302 1738; baseline 0.003 -23"><span class='ocrx_word' id='word_1_99' title='bbox 177 1657 315 1720; x_wconf 88' lang='lat' dir='ltr'>homines</span> <span class='ocrx_word' id='word_1_100' title='bbox 335 1665 409 1716; x_wconf 89' lang='lat' dir='ltr'>tunc</span> <span class='ocrx_word' id='word_1_101' title='bbox 430 1657 539 1738; x_wconf 83' lang='lat' dir='ltr'>passim</span> <span class='ocrx_word' id='word_1_102' title='bbox 561 1667 650 1718; x_wconf 81' lang='lat' dir='ltr'>erant</span> <span class='ocrx_word' id='word_1_103' title='bbox 669 1649 886 1732; x_wconf 84' lang='lat' dir='ltr'>contsmiaisti,</span> <span class='ocrx_word' id='word_1_104' title='bbox 913 1658 966 1720; x_wconf 88' lang='lat' dir='ltr'>sod</span> <span class='ocrx_word' id='word_1_105' title='bbox 986 1658 1098 1720; x_wconf 82' lang='lat' dir='ltr'>leviora</span> <span class='ocrx_word' id='word_1_106' title='bbox 1119 1666 1302 1731; x_wconf 86' lang='lat' dir='ltr'>tantuns,et</span> 
     </span>
     <span class='ocr_line' id='line_1_14' title="bbox 175 1753 1302 1836; baseline 0.004 -25"><span class='ocrx_word' id='word_1_107' title='bbox 175 1753 235 1814; x_wconf 88' lang='lat' dir='ltr'>iam</span> <span class='ocrx_word' id='word_1_108' title='bbox 255 1753 393 1828; x_wconf 85' lang='lat' dir='ltr'>dudum,</span> <span class='ocrx_word' id='word_1_109' title='bbox 415 1754 593 1836; x_wconf 83' lang='lat' dir='ltr'>praesertim</span> <span class='ocrx_word' id='word_1_110' title='bbox 617 1775 633 1814; x_wconf 93' lang='lat' dir='ltr'>a</span> <span class='ocrx_word' id='word_1_111' title='bbox 654 1753 847 1828; x_wconf 87' lang='lat' dir='ltr'>delicatulis,</span> <span class='ocrx_word' id='word_1_112' title='bbox 867 1775 953 1816; x_wconf 85' lang='lat' dir='ltr'>moso</span> <span class='ocrx_word' id='word_1_113' title='bbox 973 1765 1115 1836; x_wconf 77' lang='lat' dir='ltr'>receptu,</span> <span class='ocrx_word' id='word_1_114' title='bbox 1135 1755 1175 1816; x_wconf 84' lang='lat' dir='ltr'>sd</span> <span class='ocrx_word' id='word_1_115' title='bbox 1195 1755 1302 1816; x_wconf 83' lang='lat' dir='ltr'>inmo·</span> 
     </span>
     <span class='ocr_line' id='line_1_15' title="bbox 173 1847 1300 1932; baseline -0.001 -23"><span class='ocrx_word' id='word_1_116' title='bbox 173 1847 278 1910; x_wconf 87' lang='lat' dir='ltr'>dicum</span> <span class='ocrx_word' id='word_1_117' title='bbox 298 1851 438 1930; x_wconf 88' lang='lat' dir='ltr'>corporis</span> <span class='ocrx_word' id='word_1_118' title='bbox 457 1847 573 1910; x_wconf 87' lang='lat' dir='ltr'>cultum</span> <span class='ocrx_word' id='word_1_119' title='bbox 594 1849 857 1930; x_wconf 81' lang='lat' dir='ltr'>effeminatsmque</span> <span class='ocrx_word' id='word_1_120' title='bbox 879 1849 1039 1912; x_wconf 83' lang='lat' dir='ltr'>mollitiem</span> <span class='ocrx_word' id='word_1_121' title='bbox 1061 1850 1181 1932; x_wconf 85' lang='lat' dir='ltr'>magis,</span> <span class='ocrx_word' id='word_1_122' title='bbox 1207 1871 1300 1932; x_wconf 79' lang='lat' dir='ltr'>quam</span> 
     </span>
     <span class='ocr_line' id='line_1_16' title="bbox 174 1944 1301 2027; baseline 0.002 -21"><span class='ocrx_word' id='word_1_123' title='bbox 174 1945 214 2006; x_wconf 85' lang='lat' dir='ltr'>nd</span> <span class='ocrx_word' id='word_1_124' title='bbox 244 1965 366 2008; x_wconf 86' lang='lat' dir='ltr'>morum</span> <span class='ocrx_word' id='word_1_125' title='bbox 395 1944 551 2006; x_wconf 74' lang='lat' dir='ltr'>infamiam</span> <span class='ocrx_word' id='word_1_126' title='bbox 583 1944 836 2027; x_wconf 81' lang='lat' dir='ltr'>voluptatumque</span> <span class='ocrx_word' id='word_1_127' title='bbox 873 1945 1095 2026; x_wconf 62' lang='lat' dir='ltr'>turpitudinem</span> <span class='ocrx_word' id='word_1_128' title='bbox 1124 1945 1301 2026; x_wconf 80' lang='lat' dir='ltr'>spectantis.</span> 
     </span>
     <span class='ocr_line' id='line_1_17' title="bbox 174 2039 1302 2122; baseline -0.001 -22"><span class='ocrx_word' id='word_1_129' title='bbox 174 2039 285 2118; x_wconf 79' lang='lat' dir='ltr'>Quid?</span> <span class='ocrx_word' id='word_1_130' title='bbox 304 2040 329 2100; x_wconf 87' lang='lat' dir='ltr'>si</span> <span class='ocrx_word' id='word_1_131' title='bbox 349 2061 384 2104; x_wconf 86' lang='lat' dir='ltr'>ea</span> <span class='ocrx_word' id='word_1_132' title='bbox 401 2039 583 2120; x_wconf 73' lang='lat' dir='ltr'>castigasset,</span> <span class='ocrx_word' id='word_1_133' title='bbox 603 2059 680 2122; x_wconf 86' lang='lat' dir='ltr'>quoe</span> <span class='ocrx_word' id='word_1_134' title='bbox 701 2039 850 2102; x_wconf 84' lang='lat' dir='ltr'>Iuvenalis</span> <span class='ocrx_word' id='word_1_135' title='bbox 871 2039 1053 2118; x_wconf 87' lang='lat' dir='ltr'>quibusdam</span> <span class='ocrx_word' id='word_1_136' title='bbox 1074 2039 1149 2102; x_wconf 89' lang='lat' dir='ltr'>locis</span> <span class='ocrx_word' id='word_1_137' title='bbox 1161 2040 1302 2120; x_wconf 78' lang='lat' dir='ltr'>exagitat,</span> 
     </span>
     <span class='ocr_line' id='line_1_18' title="bbox 174 2134 1300 2218; baseline 0 -22"><span class='ocrx_word' id='word_1_138' title='bbox 174 2135 284 2218; x_wconf 88' lang='lat' dir='ltr'>quibus</span> <span class='ocrx_word' id='word_1_139' title='bbox 303 2134 425 2196; x_wconf 86' lang='lat' dir='ltr'>tandem</span> <span class='ocrx_word' id='word_1_140' title='bbox 446 2134 546 2196; x_wconf 81' lang='lat' dir='ltr'>verbis</span> <span class='ocrx_word' id='word_1_141' title='bbox 566 2155 637 2195; x_wconf 84' lang='lat' dir='ltr'>euru</span> <span class='ocrx_word' id='word_1_142' title='bbox 660 2155 786 2198; x_wconf 84' lang='lat' dir='ltr'>usurum</span> <span class='ocrx_word' id='word_1_143' title='bbox 808 2136 899 2198; x_wconf 80' lang='lat' dir='ltr'>inisse</span> <span class='ocrx_word' id='word_1_144' title='bbox 920 2135 1149 2198; x_wconf 79' lang='lat' dir='ltr'>existimemus?</span> <span class='ocrx_word' id='word_1_145' title='bbox 1185 2134 1300 2197; x_wconf 83' lang='lat' dir='ltr'>Verani</span> 
     </span>
     <span class='ocr_line' id='line_1_19' title="bbox 164 2228 1301 2313; baseline 0 -23"><span class='ocrx_word' id='word_1_146' title='bbox 164 2231 245 2290; x_wconf 81' lang='lat' dir='ltr'>¹illae</span> <span class='ocrx_word' id='word_1_147' title='bbox 263 2229 432 2303; x_wconf 81' lang='lat' dir='ltr'>dictiones,</span> <span class='ocrx_word' id='word_1_148' title='bbox 453 2251 527 2313; x_wconf 79' lang='lat' dir='ltr'>quas</span> <span class='ocrx_word' id='word_1_149' title='bbox 546 2228 709 2304; x_wconf 84' lang='lat' dir='ltr'>adhibuit,</span> <span class='ocrx_word' id='word_1_150' title='bbox 737 2229 853 2303; x_wconf 87' lang='lat' dir='ltr'>rebus,</span> <span class='ocrx_word' id='word_1_151' title='bbox 882 2250 962 2312; x_wconf 86' lang='lat' dir='ltr'>quse</span> <span class='ocrx_word' id='word_1_152' title='bbox 984 2239 1149 2305; x_wconf 80' lang='lat' dir='ltr'>notantur,</span> <span class='ocrx_word' id='word_1_153' title='bbox 1171 2229 1301 2292; x_wconf 61' lang='lat' dir='ltr'>meoin-</span> 
     </span>
     <span class='ocr_line' id='line_1_20' title="bbox 100 2325 1299 2409; baseline -0.003 -18"><span class='ocrx_word' id='word_1_154' title='bbox 100 2357 106 2368; x_wconf 93' lang='lat'><strong>·</strong></span> <span class='ocrx_word' id='word_1_155' title='bbox 176 2327 312 2391; x_wconf 81' lang='lat' dir='ltr'>uiodatse</span> <span class='ocrx_word' id='word_1_156' title='bbox 331 2337 420 2399; x_wconf 89' lang='lat' dir='ltr'>sunt,</span> <span class='ocrx_word' id='word_1_157' title='bbox 443 2347 502 2388; x_wconf 88' lang='lat' dir='ltr'>neo</span> <span class='ocrx_word' id='word_1_158' title='bbox 522 2325 583 2390; x_wconf 91' lang='lat' dir='ltr'>dici</span> <span class='ocrx_word' id='word_1_159' title='bbox 606 2333 722 2406; x_wconf 87' lang='lat' dir='ltr'>potest,</span> <span class='ocrx_word' id='word_1_160' title='bbox 743 2347 814 2388; x_wconf 82' lang='lat' dir='ltr'>eum</span> <span class='ocrx_word' id='word_1_161' title='bbox 834 2325 1043 2406; x_wconf 78' lang='lat' dir='ltr'>indignatione</span> <span class='ocrx_word' id='word_1_162' title='bbox 1059 2327 1218 2409; x_wconf 86' lang='lat' dir='ltr'>abreptum</span> <span class='ocrx_word' id='word_1_163' title='bbox 1233 2328 1299 2388; x_wconf 84' lang='lat' dir='ltr'>sir·-</span> 
     </span>
     <span class='ocr_line' id='line_1_21' title="bbox 171 2419 1299 2502; baseline 0.001 -21"><span class='ocrx_word' id='word_1_164' title='bbox 171 2423 296 2502; x_wconf 86' lang='lat' dir='ltr'>gineum</span> <span class='ocrx_word' id='word_1_165' title='bbox 325 2422 414 2485; x_wconf 83' lang='lat' dir='ltr'>illuns</span> <span class='ocrx_word' id='word_1_166' title='bbox 444 2421 616 2502; x_wconf 85' lang='lat' dir='ltr'>pudorem,</span> <span class='ocrx_word' id='word_1_167' title='bbox 649 2441 740 2502; x_wconf 88' lang='lat' dir='ltr'>quem</span> <span class='ocrx_word' id='word_1_168' title='bbox 763 2419 853 2500; x_wconf 84' lang='lat' dir='ltr'>vulgo</span> <span class='ocrx_word' id='word_1_169' title='bbox 876 2421 921 2482; x_wconf 90' lang='lat' dir='ltr'>illi</span> <span class='ocrx_word' id='word_1_170' title='bbox 941 2421 1141 2495; x_wconf 83' lang='lat' dir='ltr'>tribuerunt,</span> <span class='ocrx_word' id='word_1_171' title='bbox 1160 2421 1299 2494; x_wconf 77' lang='lat' dir='ltr'>exuisse,</span> 
     </span>
     <span class='ocr_line' id='line_1_22' title="bbox 173 2514 1298 2597; baseline 0 -21"><span class='ocrx_word' id='word_1_172' title='bbox 173 2537 269 2597; x_wconf 85' lang='lat' dir='ltr'>quum</span> <span class='ocrx_word' id='word_1_173' title='bbox 290 2515 341 2576; x_wconf 88' lang='lat' dir='ltr'>illu</span> <span class='ocrx_word' id='word_1_174' title='bbox 362 2516 455 2578; x_wconf 83' lang='lat' dir='ltr'>verbs</span> <span class='ocrx_word' id='word_1_175' title='bbox 474 2526 547 2576; x_wconf 90' lang='lat' dir='ltr'>tnnc</span> <span class='ocrx_word' id='word_1_176' title='bbox 576 2514 624 2576; x_wconf 83' lang='lat' dir='ltr'>sel</span> <span class='ocrx_word' id='word_1_177' title='bbox 653 2536 670 2574; x_wconf 90' lang='lat' dir='ltr'>a</span> <span class='ocrx_word' id='word_1_178' title='bbox 704 2515 777 2578; x_wconf 80' lang='lat' dir='ltr'>viris</span> <span class='ocrx_word' id='word_1_179' title='bbox 806 2515 938 2576; x_wconf 82' lang='lat' dir='ltr'>honestis</span> <span class='ocrx_word' id='word_1_180' title='bbox 964 2525 1210 2594; x_wconf 76' lang='lat' dir='ltr'>usurparentur,</span> <span class='ocrx_word' id='word_1_181' title='bbox 1240 2537 1298 2576; x_wconf 85' lang='lat' dir='ltr'>neo</span> 
     </span>
     <span class='ocr_line' id='line_1_23' title="bbox 173 2608 1298 2691; baseline 0 -19"><span class='ocrx_word' id='word_1_182' title='bbox 173 2611 284 2674; x_wconf 88' lang='lat' dir='ltr'>Cicero</span> <span class='ocrx_word' id='word_1_183' title='bbox 304 2609 461 2674; x_wconf 85' lang='lat' dir='ltr'>erubuerit</span> <span class='ocrx_word' id='word_1_184' title='bbox 481 2613 513 2670; x_wconf 90' lang='lat' dir='ltr'>in</span> <span class='ocrx_word' id='word_1_185' title='bbox 543 2609 721 2691; x_wconf 84' lang='lat' dir='ltr'>Philippicis</span> <span class='ocrx_word' id='word_1_186' title='bbox 740 2609 801 2670; x_wconf 91' lang='lat' dir='ltr'>suis</span> <span class='ocrx_word' id='word_1_187' title='bbox 819 2608 860 2670; x_wconf 81' lang='lat' dir='ltr'>de</span> <span class='ocrx_word' id='word_1_188' title='bbox 881 2610 972 2674; x_wconf 85' lang='lat' dir='ltr'>rebus</span> <span class='ocrx_word' id='word_1_189' title='bbox 990 2609 1178 2673; x_wconf 71' lang='lat' dir='ltr'>foedioribus</span> <span class='ocrx_word' id='word_1_190' title='bbox 1198 2611 1298 2673; x_wconf 82' lang='lat' dir='ltr'>serbis</span> 
     </span>
     <span class='ocr_line' id='line_1_24' title="bbox 173 2703 612 2766; baseline 0 -2"><span class='ocrx_word' id='word_1_191' title='bbox 173 2703 264 2764; x_wconf 59' lang='lat' dir='ltr'>minin</span> <span class='ocrx_word' id='word_1_192' title='bbox 285 2703 536 2766; x_wconf 84' lang='lat' dir='ltr'>obscoenioribus</span> <span class='ocrx_word' id='word_1_193' title='bbox 557 2703 612 2764; x_wconf 88' lang='lat' dir='ltr'>uti.</span> 
     </span>
    </p>

    <p class='ocr_par' dir='ltr' id='par_1_4' title="bbox 175 2797 1299 3071">
     <span class='ocr_line' id='line_1_25' title="bbox 215 2797 1298 2880; baseline 0.002 -22"><span class='ocrx_word' id='word_1_194' title='bbox 215 2798 260 2858; x_wconf 89' lang='lat' dir='ltr'>Vt</span> <span class='ocrx_word' id='word_1_195' title='bbox 280 2797 396 2880; x_wconf 87' lang='lat' dir='ltr'>ubique</span> <span class='ocrx_word' id='word_1_196' title='bbox 416 2808 513 2860; x_wconf 70' lang='lat' dir='ltr'>onem</span> <span class='ocrx_word' id='word_1_197' title='bbox 534 2797 651 2860; x_wconf 85' lang='lat' dir='ltr'>redolet</span> <span class='ocrx_word' id='word_1_198' title='bbox 668 2798 797 2873; x_wconf 85' lang='lat' dir='ltr'>Noster,</span> <span class='ocrx_word' id='word_1_199' title='bbox 819 2798 863 2860; x_wconf 89' lang='lat' dir='ltr'>sio</span> <span class='ocrx_word' id='word_1_200' title='bbox 883 2799 976 2862; x_wconf 85' lang='lat' dir='ltr'>etium</span> <span class='ocrx_word' id='word_1_201' title='bbox 1003 2797 1036 2862; x_wconf 87' lang='lat' dir='ltr'>in</span> <span class='ocrx_word' id='word_1_202' title='bbox 1055 2819 1196 2864; x_wconf 80' lang='lat' dir='ltr'>remunas</span> <span class='ocrx_word' id='word_1_203' title='bbox 1217 2819 1298 2862; x_wconf 84' lang='lat' dir='ltr'>oos-</span> 
     </span>
     <span class='ocr_line' id='line_1_26' title="bbox 175 2894 1298 2977; baseline -0.001 -22"><span class='ocrx_word' id='word_1_204' title='bbox 175 2894 322 2956; x_wconf 86' lang='lat' dir='ltr'>cinnitats</span> <span class='ocrx_word' id='word_1_205' title='bbox 342 2915 604 2977; x_wconf 86' lang='lat' dir='ltr'>numerorumque</span> <span class='ocrx_word' id='word_1_206' title='bbox 635 2896 782 2975; x_wconf 84' lang='lat' dir='ltr'>gravitate</span> <span class='ocrx_word' id='word_1_207' title='bbox 816 2903 847 2956; x_wconf 91' lang='lat' dir='ltr'>et</span> <span class='ocrx_word' id='word_1_208' title='bbox 872 2915 994 2958; x_wconf 80' lang='lat' dir='ltr'>canoro.</span> <span class='ocrx_word' id='word_1_209' title='bbox 1040 2895 1101 2974; x_wconf 88' lang='lat' dir='ltr'>Qui</span> <span class='ocrx_word' id='word_1_210' title='bbox 1122 2915 1239 2967; x_wconf 83' lang='lat' dir='ltr'>sersus,</span> <span class='ocrx_word' id='word_1_211' title='bbox 1257 2897 1298 2954; x_wconf 79' lang='lat' dir='ltr'>als</span> 
     </span>
     <span class='ocr_line' id='line_1_27' title="bbox 175 2987 1299 3071; baseline 0.003 -23"><span class='ocrx_word' id='word_1_212' title='bbox 175 2988 345 3052; x_wconf 82' lang='lat' dir='ltr'>Horatiana</span> <span class='ocrx_word' id='word_1_213' title='bbox 364 2987 484 3063; x_wconf 79' lang='lat' dir='ltr'>leuitate</span> <span class='ocrx_word' id='word_1_214' title='bbox 503 2999 534 3050; x_wconf 87' lang='lat' dir='ltr'>et</span> <span class='ocrx_word' id='word_1_215' title='bbox 554 2987 738 3071; x_wconf 86' lang='lat' dir='ltr'>negligentis</span> <span class='ocrx_word' id='word_1_216' title='bbox 760 2989 937 3070; x_wconf 84' lang='lat' dir='ltr'>longissime</span> <span class='ocrx_word' id='word_1_217' title='bbox 950 2993 1083 3069; x_wconf 85' lang='lat' dir='ltr'>remoti,</span> <span class='ocrx_word' id='word_1_218' title='bbox 1103 3013 1166 3052; x_wconf 90' lang='lat' dir='ltr'>non</span> <span class='ocrx_word' id='word_1_219' title='bbox 1181 2999 1240 3052; x_wconf 82' lang='lat' dir='ltr'>tani</span> <span class='ocrx_word' id='word_1_220' title='bbox 1254 2991 1299 3052; x_wconf 87' lang='lat' dir='ltr'>ob</span> 
     </span>
    </p>
   </div>
   <div class='ocr_carea' id='block_1_3' title="bbox 176 3180 1302 3504">
    <p class='ocr_par' dir='ltr' id='par_1_5' title="bbox 176 3180 1302 3504">
     <span class='ocr_line' id='line_1_28' title="bbox 209 3180 1301 3254; baseline -0.002 -18"><span class='ocrx_word' id='word_1_221' title='bbox 209 3186 267 3249; x_wconf 79' lang='lat' dir='ltr'>(ta)</span> <span class='ocrx_word' id='word_1_222' title='bbox 284 3183 370 3236; x_wconf 83' lang='lat' dir='ltr'>Verba</span> <span class='ocrx_word' id='word_1_223' title='bbox 381 3219 389 3247; x_wconf 92' lang='lat'>,</span> <span class='ocrx_word' id='word_1_224' title='bbox 402 3198 468 3252; x_wconf 84' lang='lat' dir='ltr'>quse</span> <span class='ocrx_word' id='word_1_225' title='bbox 482 3181 607 3252; x_wconf 84' lang='lat' dir='ltr'>leguntur</span> <span class='ocrx_word' id='word_1_226' title='bbox 618 3185 671 3234; x_wconf 79' lang='lat' dir='ltr'>Sat.</span> <span class='ocrx_word' id='word_1_227' title='bbox 684 3182 714 3243; x_wconf 87' lang='lat'>1,</span> <span class='ocrx_word' id='word_1_228' title='bbox 764 3180 930 3236; x_wconf 86' lang='lat' dir='ltr'>Cassubonus</span> <span class='ocrx_word' id='word_1_229' title='bbox 942 3181 1044 3234; x_wconf 84' lang='lat' dir='ltr'>monuit</span> <span class='ocrx_word' id='word_1_230' title='bbox 1049 3204 1060 3248; x_wconf 81' lang='lat'>,-</span> <span class='ocrx_word' id='word_1_231' title='bbox 1078 3182 1200 3254; x_wconf 84' lang='lat' dir='ltr'>idcmque</span> <span class='ocrx_word' id='word_1_232' title='bbox 1217 3183 1301 3238; x_wconf 78' lang='lat' dir='ltr'>existi·</span> 
     </span>
     <span class='ocr_line' id='line_1_29' title="bbox 176 3264 1301 3334; baseline 0.003 -17"><span class='ocrx_word' id='word_1_233' title='bbox 176 3285 202 3319; x_wconf 88' lang='lat' dir='ltr'>v.</span> <span class='ocrx_word' id='word_1_234' title='bbox 219 3271 277 3320; x_wconf 81' lang='lat' dir='ltr'>t2t=</span> <span class='ocrx_word' id='word_1_235' title='bbox 292 3267 426 3320; x_wconf 80' lang='lat' dir='ltr'>Auricrdns</span> <span class='ocrx_word' id='word_1_236' title='bbox 438 3269 503 3318; x_wconf 84' lang='lat' dir='ltr'>asini</span> <span class='ocrx_word' id='word_1_237' title='bbox 521 3265 601 3318; x_wconf 82' lang='lat' dir='ltr'>Mida</span> <span class='ocrx_word' id='word_1_238' title='bbox 613 3285 658 3316; x_wconf 75' lang='lat' dir='ltr'>res</span> <span class='ocrx_word' id='word_1_239' title='bbox 670 3265 715 3316; x_wconf 83' lang='lat' dir='ltr'>bo·</span> <span class='ocrx_word' id='word_1_240' title='bbox 765 3274 836 3334; x_wconf 87' lang='lat' dir='ltr'>mat,</span> <span class='ocrx_word' id='word_1_241' title='bbox 857 3284 944 3318; x_wconf 85' lang='lat' dir='ltr'>versus</span> <span class='ocrx_word' id='word_1_242' title='bbox 957 3264 1015 3320; x_wconf 89' lang='lat' dir='ltr'>illos</span> <span class='ocrx_word' id='word_1_243' title='bbox 1038 3264 1136 3320; x_wconf 86' lang='lat' dir='ltr'>deletos</span> <span class='ocrx_word' id='word_1_244' title='bbox 1155 3267 1187 3320; x_wconf 76' lang='lat' dir='ltr'>acl</span> <span class='ocrx_word' id='word_1_245' title='bbox 1206 3286 1301 3322; x_wconf 81' lang='lat' dir='ltr'>novum</span> 
     </span>
     <span class='ocr_line' id='line_1_30' title="bbox 179 3348 1302 3420; baseline -0.001 -17"><span class='ocrx_word' id='word_1_246' title='bbox 179 3354 235 3415; x_wconf 77' lang='lat' dir='ltr'>bet,</span> <span class='ocrx_word' id='word_1_247' title='bbox 263 3361 350 3406; x_wconf 69' lang='lat' dir='ltr'>namot</span> <span class='ocrx_word' id='word_1_248' title='bbox 366 3353 432 3403; x_wconf 86' lang='lat' dir='ltr'>uitae</span> <span class='ocrx_word' id='word_1_249' title='bbox 456 3359 547 3404; x_wconf 79' lang='lat' dir='ltr'>artetur</span> <span class='ocrx_word' id='word_1_250' title='bbox 571 3352 715 3402; x_wconf 85' lang='lat' dir='ltr'>Cornutum</span> <span class='ocrx_word' id='word_1_251' title='bbox 764 3348 868 3402; x_wconf 81' lang='lat' dir='ltr'>satiram</span> <span class='ocrx_word' id='word_1_252' title='bbox 879 3349 1032 3420; x_wconf 78' lang='lat' dir='ltr'>pertinuisse</span> <span class='ocrx_word' id='word_1_253' title='bbox 1044 3350 1188 3404; x_wconf 81' lang='lat' dir='ltr'>inchoatam</span> <span class='ocrx_word' id='word_1_254' title='bbox 1200 3361 1302 3404; x_wconf 82' lang='lat' dir='ltr'>tnntsns</span> 
     </span>
     <span class='ocr_line' id='line_1_31' title="bbox 179 3433 1300 3504; baseline 0 -18"><span class='ocrx_word' id='word_1_255' title='bbox 179 3435 215 3487; x_wconf 83' lang='lat' dir='ltr'>its</span> <span class='ocrx_word' id='word_1_256' title='bbox 229 3435 289 3488; x_wconf 83' lang='lat' dir='ltr'>s&#39;atis</span> <span class='ocrx_word' id='word_1_257' title='bbox 307 3434 417 3488; x_wconf 85' lang='lat' dir='ltr'>absurde</span> <span class='ocrx_word' id='word_1_258' title='bbox 437 3447 562 3488; x_wconf 85' lang='lat' dir='ltr'>mutasse:</span> <span class='ocrx_word' id='word_1_259' title='bbox 582 3433 716 3486; x_wconf 82' lang='lat' dir='ltr'>Amiculas</span> <span class='ocrx_word' id='word_1_260' title='bbox 766 3433 894 3488; x_wconf 86' lang='lat' dir='ltr'>necdum</span> <span class='ocrx_word' id='word_1_261' title='bbox 913 3434 1021 3485; x_wconf 84' lang='lat' dir='ltr'>linitum.</span> <span class='ocrx_word' id='word_1_262' title='bbox 1051 3433 1132 3488; x_wconf 86' lang='lat' dir='ltr'>Addit</span> <span class='ocrx_word' id='word_1_263' title='bbox 1152 3446 1300 3504; x_wconf 76' lang='lat' dir='ltr'>praetores:</span> 
     </span>
    </p>
   </div>
   <div class='ocr_carea' id='block_1_4' title="bbox 169 3515 1407 3590">
    <p class='ocr_par' dir='ltr' id='par_1_6' title="bbox 169 3515 1407 3590">
     <span class='ocr_line' id='line_1_32' title="bbox 169 3515 1407 3590; baseline -0.006 -16"><span class='ocrx_word' id='word_1_264' title='bbox 169 3523 370 3590; x_wconf 69' lang='lat' dir='ltr'>nsiniqmsnon</span> <span class='ocrx_word' id='word_1_265' title='bbox 387 3521 468 3572; x_wconf 69' lang='lat' dir='ltr'>landet.</span> <span class='ocrx_word' id='word_1_266' title='bbox 766 3517 825 3569; x_wconf 78' lang='lat' dir='ltr'>Etsi</span> <span class='ocrx_word' id='word_1_267' title='bbox 839 3536 899 3568; x_wconf 83' lang='lat' dir='ltr'>vero</span> <span class='ocrx_word' id='word_1_268' title='bbox 916 3529 1072 3580; x_wconf 73' lang='lat' dir='ltr'>cenamus,</span> <span class='ocrx_word' id='word_1_269' title='bbox 1088 3529 1152 3568; x_wconf 82' lang='lat' dir='ltr'>recte</span> <span class='ocrx_word' id='word_1_270' title='bbox 1176 3515 1256 3568; x_wconf 80' lang='lat' dir='ltr'>Persii</span> <span class='ocrx_word' id='word_1_271' title='bbox 1266 3518 1300 3568; x_wconf 84' lang='lat' dir='ltr'>Ii-</span> <span class='ocrx_word' id='word_1_272' title='bbox 1404 3539 1407 3552; x_wconf 94' lang='lat'><em>·</em></span> 
     </span>
    </p>
   </div>
   <div class='ocr_carea' id='block_1_5' title="bbox 174 3599 1329 4345">
    <p class='ocr_par' dir='ltr' id='par_1_7' title="bbox 174 3599 1329 4345">
     <span class='ocr_line' id='line_1_33' title="bbox 212 3599 1301 3674; baseline -0.004 -19"><span class='ocrx_word' id='word_1_273' title='bbox 212 3607 272 3673; x_wconf 69' lang='lat'><strong>(⁴6)</strong></span> <span class='ocrx_word' id='word_1_274' title='bbox 289 3608 364 3657; x_wconf 84' lang='lat' dir='ltr'>Vitae</span> <span class='ocrx_word' id='word_1_275' title='bbox 389 3615 479 3656; x_wconf 83' lang='lat' dir='ltr'>auctor</span> <span class='ocrx_word' id='word_1_276' title='bbox 499 3612 631 3674; x_wconf 84' lang='lat' dir='ltr'>praetcrea</span> <span class='ocrx_word' id='word_1_277' title='bbox 652 3601 715 3656; x_wconf 84' lang='lat' dir='ltr'>haec</span> <span class='ocrx_word' id='word_1_278' title='bbox 765 3601 835 3651; x_wconf 77' lang='lat' dir='ltr'>bium</span> <span class='ocrx_word' id='word_1_279' title='bbox 858 3599 973 3652; x_wconf 76' lang='lat' dir='ltr'>leodicia</span> <span class='ocrx_word' id='word_1_280' title='bbox 989 3619 1031 3650; x_wconf 73' lang='lat' dir='ltr'>scs</span> <span class='ocrx_word' id='word_1_281' title='bbox 1053 3605 1144 3652; x_wconf 81' lang='lat' dir='ltr'>satiras</span> <span class='ocrx_word' id='word_1_282' title='bbox 1160 3599 1281 3670; x_wconf 76' lang='lat' dir='ltr'>distingui</span> <span class='ocrx_word' id='word_1_283' title='bbox 1291 3621 1301 3663; x_wconf 78' lang='lat'>5</span> 
     </span>
     <span class='ocr_line' id='line_1_34' title="bbox 174 3671 1302 3759; baseline -0.004 -18"><span class='ocrx_word' id='word_1_284' title='bbox 174 3671 269 3741; x_wconf 79' lang='lat' dir='ltr'>hehet:</span> <span class='ocrx_word' id='word_1_285' title='bbox 282 3689 355 3740; x_wconf 87' lang='lat' dir='ltr'>Hunc</span> <span class='ocrx_word' id='word_1_286' title='bbox 362 3693 371 3740; x_wconf 89' lang='lat' dir='ltr'>i</span> <span class='ocrx_word' id='word_1_287' title='bbox 372 3709 443 3759; x_wconf 82' lang='lat' dir='ltr'>psum</span> <span class='ocrx_word' id='word_1_288' title='bbox 449 3689 717 3759; x_wconf 67' lang='lat' dir='ltr'>libramimperyiectmn</span> <span class='ocrx_word' id='word_1_289' title='bbox 766 3689 793 3738; x_wconf 81' lang='lat' dir='ltr'>in</span> <span class='ocrx_word' id='word_1_290' title='bbox 799 3689 974 3755; x_wconf 75' lang='lat' dir='ltr'>antiquissimis</span> <span class='ocrx_word' id='word_1_291' title='bbox 982 3697 1064 3736; x_wconf 80' lang='lat' dir='ltr'>tomen</span> <span class='ocrx_word' id='word_1_292' title='bbox 1071 3687 1302 3737; x_wconf 68' lang='lat' dir='ltr'>numbrauisoiiam</span> 
     </span>
     <span class='ocr_line' id='line_1_35' title="bbox 177 3768 1305 3843; baseline -0.005 -17"><span class='ocrx_word' id='word_1_293' title='bbox 177 3775 285 3843; x_wconf 80' lang='lat' dir='ltr'>reliquit.</span> <span class='ocrx_word' id='word_1_294' title='bbox 319 3771 413 3826; x_wconf 82' lang='lat' dir='ltr'>Versus</span> <span class='ocrx_word' id='word_1_295' title='bbox 436 3773 514 3842; x_wconf 69' lang='lat' dir='ltr'>alium</span> <span class='ocrx_word' id='word_1_296' title='bbox 540 3773 635 3840; x_wconf 81' lang='lat' dir='ltr'>dempti</span> <span class='ocrx_word' id='word_1_297' title='bbox 662 3783 717 3823; x_wconf 77' lang='lat' dir='ltr'>sniis</span> <span class='ocrx_word' id='word_1_298' title='bbox 766 3769 949 3819; x_wconf 77' lang='lat' dir='ltr'>diuismsiouem</span> <span class='ocrx_word' id='word_1_299' title='bbox 979 3770 1137 3818; x_wconf 73' lang='lat' dir='ltr'>triventum:</span> <span class='ocrx_word' id='word_1_300' title='bbox 1166 3768 1194 3816; x_wconf 89' lang='lat' dir='ltr'>iu</span> <span class='ocrx_word' id='word_1_301' title='bbox 1219 3769 1305 3820; x_wconf 74' lang='lat' dir='ltr'>nulu&#39;s</span> 
     </span>
     <span class='ocr_line' id='line_1_36' title="bbox 178 3851 1304 3932; baseline -0.01 -21"><span class='ocrx_word' id='word_1_302' title='bbox 178 3859 387 3922; x_wconf 80' lang='lat' dir='ltr'>uttirnolidri,m</span> <span class='ocrx_word' id='word_1_303' title='bbox 398 3859 566 3929; x_wconf 76' lang='lat' dir='ltr'>qunstfiuitus</span> <span class='ocrx_word' id='word_1_304' title='bbox 580 3871 650 3910; x_wconf 65' lang='lat' dir='ltr'>susc.</span> <span class='ocrx_word' id='word_1_305' title='bbox 668 3858 717 3910; x_wconf 74' lang='lat' dir='ltr'>Le·</span> <span class='ocrx_word' id='word_1_306' title='bbox 768 3853 834 3904; x_wconf 69' lang='lat' dir='ltr'>elsim</span> <span class='ocrx_word' id='word_1_307' title='bbox 854 3851 977 3904; x_wconf 79' lang='lat' dir='ltr'>codicibus</span> <span class='ocrx_word' id='word_1_308' title='bbox 994 3855 1099 3932; x_wconf 71' lang='lat' dir='ltr'>quinique</span> <span class='ocrx_word' id='word_1_309' title='bbox 1115 3851 1194 3902; x_wconf 76' lang='lat' dir='ltr'>sulum</span> <span class='ocrx_word' id='word_1_310' title='bbox 1209 3855 1304 3904; x_wconf 61' lang='grc' dir='ltr'>,ταῦτα</span> 
     </span>
     <span class='ocr_line' id='line_1_37' title="bbox 177 3937 1329 4005; baseline -0.005 -9"><span class='ocrx_word' id='word_1_311' title='bbox 177 3947 241 3996; x_wconf 81' lang='lat' dir='ltr'>viter</span> <span class='ocrx_word' id='word_1_312' title='bbox 256 3950 400 3996; x_wconf 80' lang='lat' dir='ltr'>retractavit</span> <span class='ocrx_word' id='word_1_313' title='bbox 415 3943 536 3996; x_wconf 85' lang='lat' dir='ltr'>Cornutus</span> <span class='ocrx_word' id='word_1_314' title='bbox 544 3954 591 3994; x_wconf 85' lang='lat' dir='ltr'>cet.</span> <span class='ocrx_word' id='word_1_315' title='bbox 600 3945 643 3994; x_wconf 87' lang='lat' dir='ltr'>Sic</span> <span class='ocrx_word' id='word_1_316' title='bbox 657 3941 718 3995; x_wconf 83' lang='lat' dir='ltr'>hacc</span> <span class='ocrx_word' id='word_1_317' title='bbox 769 3949 943 4000; x_wconf 62' lang='lat' dir='ltr'>metamur,</span> <span class='ocrx_word' id='word_1_318' title='bbox 965 3949 1052 4005; x_wconf 64' lang='lat' dir='ltr'>quarta</span> <span class='ocrx_word' id='word_1_319' title='bbox 1077 3937 1111 3987; x_wconf 84' lang='lat' dir='ltr'>act</span> <span class='ocrx_word' id='word_1_320' title='bbox 1131 3939 1230 3987; x_wconf 58' lang='lat' dir='ltr'>truttam</span> <span class='ocrx_word' id='word_1_321' title='bbox 1253 3937 1303 3987; x_wconf 71' lang='lat' dir='ltr'>atl-</span> <span class='ocrx_word' id='word_1_322' title='bbox 1316 3956 1329 3981; x_wconf 69' lang='grc' dir='ltr'><strong>θ</strong></span> 
     </span>
     <span class='ocr_line' id='line_1_38' title="bbox 178 4019 1306 4098; baseline -0.009 -19"><span class='ocrx_word' id='word_1_323' title='bbox 178 4027 282 4079; x_wconf 82' lang='lat' dir='ltr'>Reizius</span> <span class='ocrx_word' id='word_1_324' title='bbox 305 4025 436 4091; x_wconf 79' lang='lat' dir='ltr'>exhibuit,</span> <span class='ocrx_word' id='word_1_325' title='bbox 461 4045 528 4098; x_wconf 87' lang='lat' dir='ltr'>quse</span> <span class='ocrx_word' id='word_1_326' title='bbox 556 4023 630 4077; x_wconf 86' lang='lat' dir='ltr'>sliter</span> <span class='ocrx_word' id='word_1_327' title='bbox 650 4025 717 4095; x_wconf 83' lang='lat' dir='ltr'>apud</span> <span class='ocrx_word' id='word_1_328' title='bbox 768 4023 864 4070; x_wconf 69' lang='lat' dir='ltr'>imma:</span> <span class='ocrx_word' id='word_1_329' title='bbox 894 4022 921 4069; x_wconf 84' lang='lat' dir='ltr'>iu</span> <span class='ocrx_word' id='word_1_330' title='bbox 946 4019 1091 4089; x_wconf 79' lang='lat' dir='ltr'>qriibmdom</span> <span class='ocrx_word' id='word_1_331' title='bbox 1121 4022 1247 4070; x_wconf 77' lang='lat' dir='ltr'>coritianos</span> <span class='ocrx_word' id='word_1_332' title='bbox 1268 4031 1306 4069; x_wconf 79' lang='lat' dir='ltr'>cst</span> 
     </span>
     <span class='ocr_line' id='line_1_39' title="bbox 179 4103 1303 4179; baseline -0.011 -15"><span class='ocrx_word' id='word_1_333' title='bbox 179 4109 262 4175; x_wconf 82' lang='lat' dir='ltr'>alios,</span> <span class='ocrx_word' id='word_1_334' title='bbox 279 4127 381 4179; x_wconf 78' lang='lat' dir='ltr'>semper</span> <span class='ocrx_word' id='word_1_335' title='bbox 394 4119 481 4162; x_wconf 83' lang='lat' dir='ltr'>tamen</span> <span class='ocrx_word' id='word_1_336' title='bbox 495 4109 531 4161; x_wconf 88' lang='lat' dir='ltr'>ita</span> <span class='ocrx_word' id='word_1_337' title='bbox 545 4107 675 4179; x_wconf 84' lang='lat' dir='ltr'>leguntur,</span> <span class='ocrx_word' id='word_1_338' title='bbox 689 4117 719 4161; x_wconf 83' lang='lat' dir='ltr'>ut</span> <span class='ocrx_word' id='word_1_339' title='bbox 768 4121 828 4154; x_wconf 82' lang='lat' dir='ltr'>unm</span> <span class='ocrx_word' id='word_1_340' title='bbox 851 4103 913 4154; x_wconf 82' lang='lat' dir='ltr'>iiber</span> <span class='ocrx_word' id='word_1_341' title='bbox 921 4141 930 4165; x_wconf 88' lang='lat'>,</span> <span class='ocrx_word' id='word_1_342' title='bbox 948 4103 1017 4154; x_wconf 78' lang='lat' dir='ltr'>raalio</span> <span class='ocrx_word' id='word_1_343' title='bbox 1033 4105 1246 4172; x_wconf 71' lang='lat' dir='ltr'>smumnmfocta</span> <span class='ocrx_word' id='word_1_344' title='bbox 1263 4104 1303 4152; x_wconf 79' lang='lat' dir='ltr'>di·</span> 
     </span>
     <span class='ocr_line' id='line_1_40' title="bbox 180 4185 1305 4260; baseline -0.004 -16"><span class='ocrx_word' id='word_1_345' title='bbox 180 4192 367 4246; x_wconf 83' lang='lat' dir='ltr'>nnllussensus</span> <span class='ocrx_word' id='word_1_346' title='bbox 380 4191 487 4244; x_wconf 88' lang='lat' dir='ltr'>idoneus</span> <span class='ocrx_word' id='word_1_347' title='bbox 497 4191 557 4244; x_wconf 90' lang='lat' dir='ltr'>inde</span> <span class='ocrx_word' id='word_1_348' title='bbox 566 4190 622 4244; x_wconf 83' lang='lat' dir='ltr'>elici</span> <span class='ocrx_word' id='word_1_349' title='bbox 631 4192 718 4260; x_wconf 84' lang='lat' dir='ltr'>possit.</span> <span class='ocrx_word' id='word_1_350' title='bbox 769 4189 905 4240; x_wconf 75' lang='lat' dir='ltr'>clinatione.</span> <span class='ocrx_word' id='word_1_351' title='bbox 921 4185 987 4240; x_wconf 82' lang='lat' dir='ltr'>Sarte</span> <span class='ocrx_word' id='word_1_352' title='bbox 1001 4187 1159 4251; x_wconf 79' lang='lat' dir='ltr'>Priscianus,</span> <span class='ocrx_word' id='word_1_353' title='bbox 1173 4200 1246 4257; x_wconf 69' lang='lat' dir='ltr'>atum</span> <span class='ocrx_word' id='word_1_354' title='bbox 1258 4189 1305 4239; x_wconf 66' lang='lat' dir='ltr'>atu</span> 
     </span>
     <span class='ocr_line' id='line_1_41' title="bbox 184 4269 1307 4345; baseline -0.006 -15"><span class='ocrx_word' id='word_1_355' title='bbox 184 4281 308 4330; x_wconf 86' lang='lat' dir='ltr'>Ceterum</span> <span class='ocrx_word' id='word_1_356' title='bbox 329 4278 378 4328; x_wconf 89' lang='lat' dir='ltr'>hoc</span> <span class='ocrx_word' id='word_1_357' title='bbox 396 4275 432 4328; x_wconf 87' lang='lat' dir='ltr'>ita</span> <span class='ocrx_word' id='word_1_358' title='bbox 452 4295 504 4328; x_wconf 90' lang='lat' dir='ltr'>non</span> <span class='ocrx_word' id='word_1_359' title='bbox 518 4293 572 4330; x_wconf 85' lang='lat' dir='ltr'>esso</span> <span class='ocrx_word' id='word_1_360' title='bbox 587 4275 717 4345; x_wconf 85' lang='lat' dir='ltr'>adcipisn·</span> <span class='ocrx_word' id='word_1_361' title='bbox 770 4273 930 4339; x_wconf 76' lang='lat' dir='ltr'>grammatici</span> <span class='ocrx_word' id='word_1_362' title='bbox 951 4276 1059 4340; x_wconf 72' lang='lat' dir='ltr'>antiqui,</span> <span class='ocrx_word' id='word_1_363' title='bbox 1081 4269 1173 4341; x_wconf 80' lang='lat' dir='ltr'>quoties</span> <span class='ocrx_word' id='word_1_364' title='bbox 1191 4271 1307 4322; x_wconf 73' lang='lat' dir='ltr'>Persium</span> 
     </span>
    </p>
   </div>
   <div class='ocr_carea' id='block_1_6' title="bbox 181 4356 1452 4432">
    <p class='ocr_par' dir='ltr' id='par_1_8' title="bbox 181 4356 1452 4432">
     <span class='ocr_line' id='line_1_42' title="bbox 181 4356 1452 4432; baseline -0.004 -20"><span class='ocrx_word' id='word_1_365' title='bbox 181 4359 263 4427; x_wconf 87' lang='lat' dir='ltr'>dum,</span> <span class='ocrx_word' id='word_1_366' title='bbox 280 4358 351 4432; x_wconf 86' lang='lat' dir='ltr'>quasi</span> <span class='ocrx_word' id='word_1_367' title='bbox 370 4377 439 4412; x_wconf 81' lang='lat' dir='ltr'>utine</span> <span class='ocrx_word' id='word_1_368' title='bbox 453 4360 529 4412; x_wconf 89' lang='lat' dir='ltr'>satira</span> <span class='ocrx_word' id='word_1_369' title='bbox 545 4369 617 4412; x_wconf 81' lang='lat' dir='ltr'>sexta</span> <span class='ocrx_word' id='word_1_370' title='bbox 632 4376 722 4411; x_wconf 84' lang='lat' dir='ltr'>manea</span> <span class='ocrx_word' id='word_1_371' title='bbox 772 4357 886 4418; x_wconf 65' lang='lat' dir='ltr'>tudun,</span> <span class='ocrx_word' id='word_1_372' title='bbox 899 4356 986 4409; x_wconf 76' lang='lat' dir='ltr'>tttmm</span> <span class='ocrx_word' id='word_1_373' title='bbox 999 4358 1127 4410; x_wconf 80' lang='lat' dir='ltr'>rsominunt</span> <span class='ocrx_word' id='word_1_374' title='bbox 1134 4373 1206 4420; x_wconf 76' lang='lat' dir='ltr'>,uon</span> <span class='ocrx_word' id='word_1_375' title='bbox 1217 4357 1313 4408; x_wconf 76' lang='lat' dir='ltr'>sauses</span> <span class='ocrx_word' id='word_1_376' title='bbox 1404 4373 1405 4377; x_wconf 51' lang='lat'>¹</span> <span class='ocrx_word' id='word_1_377' title='bbox 1448 4409 1452 4424; x_wconf 57' lang='grc'>,</span> 
     </span>
    </p>
   </div>
   <div class='ocr_carea' id='block_1_7' title="bbox 182 4441 908 4515">
    <p class='ocr_par' dir='ltr' id='par_1_9' title="bbox 182 4441 908 4515">
     <span class='ocr_line' id='line_1_43' title="bbox 182 4441 908 4515; baseline -0.004 -18"><span class='ocrx_word' id='word_1_378' title='bbox 182 4445 222 4510; x_wconf 85' lang='lat' dir='ltr'>sit,</span> <span class='ocrx_word' id='word_1_379' title='bbox 237 4463 301 4515; x_wconf 86' lang='lat' dir='ltr'>quae</span> <span class='ocrx_word' id='word_1_380' title='bbox 314 4443 402 4514; x_wconf 86' lang='lat' dir='ltr'>procul</span> <span class='ocrx_word' id='word_1_381' title='bbox 416 4441 494 4496; x_wconf 90' lang='lat' dir='ltr'>dubio</span> <span class='ocrx_word' id='word_1_382' title='bbox 505 4441 606 4513; x_wconf 81' lang='lat' dir='ltr'>integra</span> <span class='ocrx_word' id='word_1_383' title='bbox 615 4453 661 4508; x_wconf 83' lang='lat' dir='ltr'>est,</span> <span class='ocrx_word' id='word_1_384' title='bbox 670 4441 722 4496; x_wconf 88' lang='lat' dir='ltr'>iam</span> <span class='ocrx_word' id='word_1_385' title='bbox 772 4452 908 4494; x_wconf 79' lang='lat' dir='ltr'>uurnsrout.</span> 
     </span>
    </p>
   </div>
   <div class='ocr_carea' id='block_1_8' title="bbox 0 0 1569 5494">
    <p class='ocr_par' dir='ltr' id='par_1_10' title="bbox 0 0 1569 5494">
     <span class='ocr_line' id='line_1_44' title="bbox 0 0 1569 5494; baseline 0 0"><span class='ocrx_word' id='word_1_386' title='bbox 0 0 1569 5494; x_wconf 95' lang='lat' dir='ltr'> </span> 
     </span>
    </p>
   </div>
  </div>
 </body>
</html>
