3078 5494
315 378 408 472 288
534 379 540 393 ’
740 405 959 468 axevusvs

312 620 376 687 est,
396 609 419 670 si
432 610 536 690 patria
556 607 703 682 retineas,
722 626 785 668 non
805 605 916 669 exinde
936 603 1079 690 colligere
1098 613 1202 690 potes,
1226 625 1312 672 curus
1326 609 1430 692 regio-

311 706 360 765 nis
379 704 471 765 fuerit
490 700 662 782 Crispinus:
676 703 780 782 patria
800 699 881 761 enim
900 721 1037 784 paprrus
1052 721 1113 762 non
1137 701 1302 763 necessario
1316 705 1428 784 Aegy·

309 801 407 884 ptiam
425 815 577 881 papyrum
598 797 742 872 denotat,
761 795 905 878 qnoniam
926 797 958 857 in
979 795 1042 858 aliis
1061 797 1151 858 etiam
1172 796 1350 878 regionibns
1368 819 1430 858 na-

311 895 450 958 scebatur
469 913 640 976 papyrus„
668 891 729 955 Sed
749 899 854 952 contra
870 911 938 954 eum
954 893 1013 952 iam
1033 892 1073 953 ita
1094 891 1257 976 disputarit
1270 892 1430 953 Schrader

310 994 344 1052 in
373 991 541 1054 Observatt.
568 1009 597 1071 p.
622 1005 670 1066 19:
693 989 859 1071 “Papyras
887 987 1031 1070 Aegyptia
1059 985 1133 1048 adeo
1155 987 1265 1048 nobilis
1285 997 1370 1061 erat,
1395 997 1431 1048 ut

309 1082 396 1146 Nilus
414 1081 509 1144 amnis
528 1081 680 1164 papyrifer
699 1079 904 1163 appellantur
922 1087 953 1140 et
972 1079 1089 1172 lliliaea
1115 1099 1245 1163 papyrus
1258 1079 1305 1140 ab
1325 1081 1431 1140 omni·-

310 1177 368 1238 bus
387 1175 601 1238 celebraretur.
622 1199 649 1238 r.
680 1173 843 1236 Munclrer.
863 1171 900 1232 ad
920 1171 1059 1252 Fulgent.
1080 1173 1102 1232 l.
1124 1194 1154 1255 p.
1179 1193 1223 1254 ¹9·
1252 1171 1431 1238 Sesciacum

310 1269 402 1350 igitur
418 1270 524 1349 patria
534 1288 658 1349 papyro
678 1276 764 1328 notat
794 1263 990 1356 et'designst
1012 1265 1206 1348 Aegyptium.
1240 1265 1300 1326 Sed
1321 1274 1430 1328 eontra

312 1365 475 1425 succinctus
495 1363 611 1424 Picaria
636 1381 759 1444 papyro
780 1379 844 1422 non
864 1359 1030 1422 necessario
1054 1360 1205 1442 significat
1223 1358 1428 1443 Aegyptium,

311 1457 456 1543 queniam
475 1461 520 1522 sic
539 1455 672 1538 succingi
692 1465 811 1541 poterat
830 1454 1006 1536 alienigena.
1033 1455 1154 1518 Deinde
1173 1455 1321 1516 constabat
1342 1453 1426 1516 inter

310 1573 436 1631 omnes,
452 1553 627 1638 Crispinum
649 1571 712 1615 esse
732 1550 930 1634 Aegyptium:
952 1549 1116 1613 sufficiebat
1135 1571 1211 1634 ergo
1225 1553 1334 1632 patria.
1354 1551 1423 1612 De·
1454 1631 1459 1644 .

310 1652 404 1736 nique
423 1659 561 1733 receptae
580 1647 704 1710 lectioni
724 1646 929 1708 firmissimum
951 1647 1133 1728 praesidium
1153 1657 1199 1710 est
1218 1646 1249 1706 in
1267 1668 1294 1708 r.
1312 1645 1422 1708 bembi

310 1755 399 1830 poeta
418 1745 556 1809 similiter
574 1743 684 1806 siluros
703 1742 836 1826 Crispini
855 1743 1019 1824 usurucipes
1039 1751 1134 1806 vocat.
1168 1741 1215 1806 ct.
1241 1739 1363 1803 Salmm.
1382 1741 1418 1801 ad

310 1842 410 1905 sota.
431 1863 460 1925 e·
478 1841 581 1921 939..

349 1937 402 1998 Va.
421 1937 471 1998 25.
489 1937 562 1998 Hoc
577 1935 672 2020 pretio
693 1954 837 2018 squamae
857 1942 921 2008 (sc.
942 1942 1104 2010 emantur,
1124 1935 1152 1994 li.
1174 1955 1200 1997 e.
1220 1941 1303 1995 tanto
1325 1929 1421 2014 pretio

309 2030 400 2114 piscis
418 2031 481 2094 scil.
500 2051 517 2092 a
536 2040 567 2093 te
584 2034 695 2093 emitur
712 2029 761 2092 rel
782 2038 881 2092 emtus
901 2037 959 2110 est,
982 2029 1066 2113 quod
1086 2030 1211 2092 verbum
1231 2049 1304 2092 mox
1322 2028 1424 2107 seqni-

308 2131 362 2185 tur
381 2123 587 2208 omittitarqne
607 2125 639 2185 in
660 2123 790 2198 affecta)
811 2149 834 2185 ι.
855 2123 1121 2205 61-63.68-73.
1143 2126 1190 2204 75.
1212 2123 1262 2204 76.
1283 2123 1334 2184 82.
1355 2121 1424 2180 Hoc

306 2219 436 2300 pretium
455 2237 599 2303 sqrsomaa
620 2217 668 2292 (b.
688 2239 715 2280 e.
734 2227 851 2281 tantam
880 2219 1010 2302 pretium
1036 2230 1081 2282 est
1111 2241 1134 2280 s.
1156 2221 1243 2301 ponis
1274 2216 1371 2280 mullo
1400 2239 1423 2278 s.

310 2313 420 2386 mulli,
450 2313 540 2397 piscis
566 2315 735 2396 summast,
760 2325 827 2376 ate
847 2317 943 2391 emti)
967 2338 993 2396 7.
1017 2339 1063 2378 ro.
1089 2339 1132 2376 rr.
1157 2317 1275 2395 14-17.
1302 2331 1422 2392 19-27.

284 2427 288 2435 ·
310 2423 362 2485 29.
383 2409 507 2483 45-50.
533 2407 656 2484 54-60.
677 2409 800 2492 tiu-67.
822 2413 870 2493 74.
891 2409 942 2476 63.
963 2411 1011 2486 84.
1039 2419 1069 2471 et
1088 2429 1193 2472 omnes
1215 2408 1303 2470 codd.
1321 2407 1426 2488 ,Paria

309 2502 399 2586 prob.
418 2502 598 2568 Schradero.
627 2503 688 2566 Sed
710 2503 821 2586 piscem
841 2505 942 2587 potins
960 2527 1123 2590 squamas,
1144 2525 1235 2587 qoam
1264 2524 1425 2586 squamam

309 2597 369 2659 dici
390 2597 582 2662 crediderim.
627 2598 733 2682 Neque
753 2609 851 2661 tamen
881 2600 978 2682 placet
998 2600 1111 2683 duplex
1134 2599 1184 2660 illa
1214 2599 1345 2681 ellipsis:
1368 2599 1425 2661 boc

307 2706 340 2754 tu
359 2693 458 2755 incisi
488 2695 544 2754 boc
562 2695 659 2775 pretio
679 2714 824 2775 squamae
844 2695 1009 2757 emuntur?
1038 2695 1181 2778 Suspicor
1202 2701 1320 2777 poetam
1340 2694 1424 2757 scri-

307 2786 418 2869 psisse:
436 2789 493 2850 boc
510 2790 608 2870 pretia
624 2807 770 2871 squamas
790 2787 853 2851 scil.
874 2789 994 2852 emisti?

346 2881 399 2944 Vs.
417 2901 467 2963 ²7·
487 2881 643 2945 Ferrarius
663 2885 695 2944 in
706 2883 800 2948 Elect.
811 2887 844 2962 l,
866 2888 911 2948 ιθ.
923 2888 1049 2947 maioris
1061 2885 1137 2969 legit
1149 2895 1255 2950 contra
1270 2885 1360 2948 metri
1371 2886 1425 2948 le-

307 2995 369 3056 ges,
382 2985 414 3037 et
426 2976 508 3038 bunc
521 2975 623 3038 loc'um
643 2977 683 3039 ita
694 2977 917 3062 interpretatum
939 2982 1088 3064 “Apulia
1101 2983 1151 3043 bic
1162 3003 1224 3043 non
1235 2989 1280 3044 est
1291 2983 1426 3064 regionis

307 3069 490 3146 nomen,sed
510 3069 646 3133 mulieris
667 3072 837 3154 praedir'gia
857 3075 959 3150 orbae,
970 3095 1047 3157 quae
1066 3075 1182 3138 donatis
1201 3099 1219 3136 e
1238 3077 1425 3160 captatoribs

306 3163 402 3244 pisces
416 3165 514 3230 carim
534 3165 701 3228 vendebat:
723 3167 799 3228 daos
819 3170 900 3232 enim
916 3170 966 3232 bic
980 3170 1018 3232 de
1038 3193 1123 3233 more
1137 3173 1313 3254 perstringit
1332 3171 1426 3234 lore·

307 3257 394 3333 nelis,
416 3260 599 3340 Crispinum,
620 3262 674 3343 qni
694 3261 825 3324 millibus
845 3285 898 3325 sex
918 3264 957 3338 (i.
978 3286 1005 3328 e.
1026 3264 1079 3326 Cl.
1099 3267 1270 3341 coronatis)
1291 3266 1424 3329 mullum

308 3362 433 3431 emerat,
454 3363 484 3416 et
502 3357 661 3437 Apuliam,
683 3377 760 3439 quae
778 3357 895 3419 humata
916 3358 1158 3443 heredipetarum
1179 3381 1317 3438 munera,
1338 3365 1421 3428 iuter

307 3467 385 3528 quae
404 3449 469 3510 iure
488 3447 575 3510 mulli
596 3459 671 3512 tune
690 3451 777 3514 fuere
796 3453 1022 3536 pretiosissimi,
1044 3456 1165 3519 maioris
1191 3455 1350 3520 vendebat.
1370 3459 1421 3520 Cf.

307 3542 364 3604 inf.
383 3545 448 3622 Vl,
467 3545 517 3625 39.
536 3555 586 3622 4ο.
608 3555 639 3608 et
658 3547 739 3630 inpr.
760 3547 810 3624 V,
832 3568 882 3632 97.
901 3551 950 3628 98.
972 3549 1024 3611 nbi
1038 3549 1076 3612 de
1094 3552 1225 3613 Aurelia
1244 3573 1345 3616 sermo
1365 3564 1423 3631 cst,

303 3637 385 3719 quod
405 3660 518 3703 nomen
537 3650 569 3702 et
589 3641 620 3702 b.
640 3639 661 3703 l.
692 3640 832 3705 fidentius
853 3665 1019 3726 ponerem,
1039 3645 1063 3708 si
1083 3647 1179 3709 codex
1198 3669 1289 3709 manu
1310 3669 1422 3712 exara-

303 3740 348 3794 tus
380 3732 418 3794 ad
439 3745 657 3813 manesceret,
678 3737 786 3798 utsits
806 3739 860 3798 sed
889 3744 1014 3802 maioris
1040 3741 1169 3804 Aurelia
1186 3743 1294 3804 vendit.
1310 3783 1332 3820 „
1366 3739 1421 3806 Sic

301 3825 392 3888 etiem
425 3827 512 3890 multi
542 3829 724 3913 interpretes
754 3845 900 3913 putarunt
934 3835 1070 3897 mulieris
1096 3857 1207 3898 nomen
1238 3857 1301 3899 esse
1334 3839 1419 3920 apud

300 3915 410 3980 llorat.
429 3917 488 3980 od.
508 3919 573 3999 llll,
597 3923 636 3997 4,
661 3945 705 3985 ιο.
726 3923 777 3984 ubi
797 3947 827 3988 r.
847 3927 948 3991 Bentl.
967 3969 1001 3982 -
1028 3929 1149 3991 Rectius
1169 3939 1300 3992 mentem
1322 3929 1418 3993 lure-

299 4014 376 4076 nelis
397 4017 566 4100 percepisse
587 4017 707 4080 videtur
726 4019 910 4099 Henninius,
930 4025 982 4106 qui
1005 4023 1076 4087 haer
1091 4027 1223 4088 nemrit:
1241 4034 1263 4067 u
1276 4026 1357 4090 laste
1369 4027 1418 4088 in·

296 4107 471 4190 dignatione
491 4112 621 4192 exagitet
640 4113 707 4195 agri
727 4115 825 4196 pretio
846 4118 959 4199 piscem
988 4129 1100 4180 emtum
1122 4143 1241 4205 ,quum
1262 4143 1315 4184 sex
1343 4122 1416 4184 rnil-

294 4199 374 4268 libus
393 4215 476 4266 extra
497 4205 614 4268 ltaliam
635 4207 667 4268 in
687 4211 851 4290 provinciis
865 4231 936 4292 ager
954 4215 1015 4274 emi
1035 4216 1189 4296 potuerit,
1209 4218 1303 4280 immo
1315 4239 1413 4302 quum

297 4307 328 4356 st
349 4298 379 4358 in
400 4300 463 4382 ipsa
483 4301 567 4363 ltalia
588 4301 618 4364 in
639 4303 731 4366 fertili
752 4303 802 4367 illa
823 4307 932 4390 Apulia
954 4307 1013 4381 (ci.
1035 4307 1071 4369 ad
1086 4311 1152 4388 tx,
1175 4311 1414 4388 55.),maiores

292 4395 365 4472 agri
383 4413 473 4475 quam
501 4397 532 4458 in
560 4397 726 4480 provinciis
745 4401 885 4466 venirent
917 4423 1007 4486 eopse
1037 4405 1157 4487 pretio:
1186 4408 1309 4491 oblique
1337 4431 1412 4476 rero
