3028 5492
285 339 388 438 lxx'
714 373 771 436 nn
806 369 968 436 snrrnrs

292 623 297 636 ·
317 575 447 646 'Horatii
479 585 510 646 et
532 574 685 646 luvenalis
717 576 825 645 satirae
846 575 987 647 redolent
1006 584 1036 646 et
1055 575 1173 666 spirant
1192 571 1278 642 illsns
1298 569 1423 664 ingenii

285 681 460 746 ubertatem
489 687 520 743 et
552 677 785 756 fecunditatem,
821 697 898 762 quae
919 681 966 742 rel
988 676 1052 763 ipsa
1075 677 1145 742 nori
1168 675 1243 762 quid
1265 675 1365 762 parit,
1386 681 1422 736 et

286 781 432 843 intentata
463 777 501 839 ub
529 776 594 838 aliis
616 781 733 853 tentet,
758 776 805 839 vel
828 777 948 838 inventa
971 776 1102 862 aliorum
1127 795 1178 837 sua
1200 772 1291 850 facit,
1318 773 1420 854 inge·

285 877 461 940 niostsnon
483 875 583 938 minus
605 875 761 958 ingeniose
783 883 887 949 utens,
911 871 999 936 rudia
1019 885 1120 936 autem
1142 883 1173 934 ct
1193 873 1334 935 inebouta
1356 891 1422 954 po·

286 974 385 1049 liens,
407 993 530 1045 ornans,
550 972 725 1055 perficiens.
747 971 865 1032 Persius
883 979 1015 1052 utraque
1030 992 1153 1055 prorsus
1170 971 1235 1032 fere
1251 968 1422 1032 destitutus

212 1147 216 1156 ι
286 1082 376 1144 erat:
405 1068 555 1153 permulta
583 1067 708 1128 Horatio
730 1075 855 1149 accepta
877 1068 984 1140 refert,
1009 1075 1049 1143 et,
1069 1067 1094 1129 si
1114 1065 1246 1128 Cornuti
1265 1063 1423 1128 aliorum·

286 1188 346 1250 que
365 1166 541 1228 Stoicorum
563 1163 675 1245 scripta
698 1161 738 1223 acl
757 1171 885 1223 aetatem
906 1173 1042 1224 nostram
1064 1163 1299 1247 pervenissent,
1326 1159 1422 1245 plura

287 1261 370 1322 ltnud
390 1259 483 1322 dubie
503 1259 651 1341 vestigia,
672 1257 710 1318 ab
733 1279 769 1318 eo
790 1279 911 1338 pressa,
932 1257 1240 1341 deprehenderemus.
1321 1284 1322 1298 ¹
1379 1249 1383 1256 ’

285 1377 287 1381 ·
327 1355 422 1437 Quod
443 1355 481 1416 asl
501 1355 665 1417 sententiae
686 1355 817 1429 attinet,
838 1355 982 1416 Horatius
1003 1356 1120 1431 facete,
1141 1354 1327 1438 prudenter,
1341 1354 1420 1417 cal-

285 1452 348 1516 lide
369 1462 400 1516 et
419 1451 518 1513 ardice
537 1450 661 1523 suadet;
683 1451 804 1512 Persius
826 1459 932 1533 argute
944 1449 1192 1535 philosophatur,
1216 1471 1320 1514 rerum
1335 1471 1420 1534 pon·

288 1549 362 1611 clera
388 1569 475 1630 saepe
499 1547 705 1608 minutissimis
733 1547 889 1609 sententiis
910 1548 1073 1630 frangens3
1097 1548 1249 1611 luvenalis
1270 1547 1317 1611 uel
1336 1569 1417 1630 gre·-

288 1644 369 1707 viter
398 1643 573 1717 dissuadet,
598 1643 646 1704 rel
667 1645 750 1705 virus
770 1643 941 1706 acerbitatis
962 1665 1034 1706 strae
1056 1649 1187 1722 evomit,
1210 1655 1241 1705 at
1259 1663 1417 1705 nonnum-

288 1762 378 1824 quam
400 1741 523 1801 inanem
545 1739 619 1800 artis
640 1739 856 1825 doctrinaeque
877 1740 1074 1802 ostentandae
1094 1741 1293 1824 cupiditatem
1309 1738 1418 1822 prodit

288 1848 319 1900 et
338 1838 451 1921 friget,
475 1837 566 1898 nimis
587 1846 702 1898 sectans
723 1837 868 1898 cretionis
888 1835 1041 1898 luxuriem
1062 1844 1117 1910 (v.
1141 1856 1169 1898 o.
1190 1837 1251 1899 Sat.
1273 1833 1328 1910 IX,
1357 1856 1418 1898 102

289 1953 350 2017 seq.
385 1935 441 2012 X,
470 1935 532 1998 aid
563 1933 701 2016 seqlll,
731 1933 785 2016 ¹37
807 1954 870 2016 seq.
892 1932 984 2007 Xlll,
1009 1933 1049 1994 23
1069 1955 1131 2016 seq.
1153 1933 1192 2009 34
1214 1930 1329 2016 seq-lc
1350 1951 1420 2014 seq.

289 2031 328 2091 62
362 2051 424 2114 seq.
460 2032 527 2104 el.)
559 2041 590 2091 et
621 2030 779 2092 rhetorum
807 2031 962 2112 argutias:
991 2049 1071 2114 quae
1099 2039 1200 2090 tamen
1225 2039 1313 2092 acuta
1334 2029 1420 2091 dicta

288 2126 375 2188 valde
396 2125 604 2188 admirabatur
624 2127 769 2210 Scaliger.
1331 2117 1335 2123 ¹

330 2221 498 2282 Sententiis
519 2221 704 2297 salubribus,
724 2223 762 2284 ad
783 2223 875 2286 vitam
898 2229 997 2298 bene,
1022 2224 1165 2298 honeste,
1184 2217 1315 2285 feliciter
1327 2231 1422 2306 atque

221 2355 224 2362 ·
290 2316 425 2378 iucunde
447 2317 594 2399 agendam
615 2319 703 2379 etad
724 2341 860 2382 amorem
883 2322 1002 2383 virtutis
1023 2319 1227 2402 vitiorumque
1247 2319 1351 2380 odium
1366 2318 1421 2401 gi·

289 2412 443 2496 gnendum
473 2415 710 2495 pertinentibus,
738 2417 868 2477 relectae
898 2426 969 2477 sunt
999 2425 1064 2477 tum
1099 2423 1259 2499 poetarum
1289 2415 1419 2477 illorum

288 2510 417 2584 satirae,
449 2519 515 2570 tum
543 2510 663 2570 Horatii
695 2511 884 2593 potissimum
906 2511 1269 2595 epistolae,maturioris
1297 2509 1420 2592 ingenii

288 2607 376 2667 setus.
411 2607 529 2668 Omnes
565 2605 638 2668 istae
669 2617 732 2667 tum
766 2608 911 2682 ueritate,
939 2618 1005 2668 tum
1032 2609 1213 2692 praestantia
1240 2616 1271 2668 et
1290 2607 1420 2668 utilitate

288 2723 381 2783 qnam
418 2703 549 2762 unanime
577 2723 609 2763 se
640 2703 865 2764 commendant.
895 2703 1041 2765 Horatius
1069 2713 1168 2766 tamen
1198 2725 1248 2765 eas
1284 2701 1420 2764 naturali

289 2795 420 2876 quadam
439 2795 647 2876 simplicitate,
670 2798 787 2860 Persius
807 2799 930 2880 rigore,
951 2800 1092 2860 acumine
1114 2808 1145 2860 et
1163 2797 1342 2875 subtilitate,
1356 2799 1419 2858 Iu·-

286 2891 403 2950 neualis
422 2893 567 2972 gravitate
588 2891 732 2953 orationis
753 2897 925 2975 exprimere
945 2893 1030 2954 solet.
1045 2893 1189 2954 Ceterum
1214 2902 1340 2976 propter
1363 2893 1420 2952 lno-

287 3005 359 3049 rum
381 2986 546 3067 praecipue
566 2997 800 3068 praeceptorum
831 2987 1060 3050 multitudinem
1082 2997 1112 3048 et
1131 2988 1346 3072 praestantiam
1366 3009 1421 3048 sa-

286 3079 450 3141 tiricorum
485 3087 641 3164 poetarum
678 3083 839 3144 lectionem
873 3083 1061 3144 utilissimam
1084 3103 1171 3157 esse,
1193 3083 1244 3144 vix
1263 3093 1309 3144 est
1328 3083 1416 3168 quod

288 3195 438 3237 moneam.
451 3176 494 3235 Ea
513 3177 652 3258 proiecto
672 3197 688 3236 a
708 3178 808 3259 puetis
828 3177 1045 3260 comprehensa
1061 3176 1196 3238 versibus
1210 3175 1420 3256 multomagis

288 3281 321 3334 et
338 3271 487 3333 tenebunt
506 3271 762 3355 delectabuntque
783 3273 933 3334 lectorum
954 3275 1089 3350 animos,
1109 3284 1141 3336 et
1159 3273 1273 3336 diutius
1299 3274 1331 3334 iu
1347 3293 1420 3336 me-

289 3367 386 3428 moria
409 3367 600 3442 haerebunt,
629 3389 720 3449 quam
742 3368 767 3427 si
789 3389 823 3430 ea
844 3389 881 3431 ex
901 3369 1004 3432 ethico
1026 3370 1123 3447 libro,
1143 3370 1191 3431 vel
1213 3370 1348 3431 tenuiter
1369 3369 1422 3430 rel

288 3463 440 3526 subtiliter
468 3464 600 3547 scripto,
626 3466 844 3546 perceperint,
875 3476 926 3527 aut
957 3487 1079 3528 morum
1111 3477 1344 3551 praeceptorem
1381 3487 1422 3527 ea

288 3557 454 3620 docentem
483 3568 514 3620 et
545 3557 749 3642 explicantem
783 3559 966 3622 audiverint.
994 3562 1067 3624 Dici
1102 3571 1201 3624 autem
1222 3561 1273 3622 vix
1294 3569 1422 3644 potest,

289 3663 478 3736 quantopere
507 3653 583 3730 illis,
612 3656 776 3718 memoriae
796 3657 899 3717 inlinis
918 3667 949 3718 et
969 3657 1146 3739 tempestive
1167 3657 1198 3716 in
1220 3677 1287 3718 eam
1319 3678 1420 3720 rere·-

169 3745 175 3759 “
289 3749 388 3825 catis,
410 3770 494 3811 mens
515 3751 562 3811 vel
582 3752 662 3812 euris
684 3753 824 3812 coniecta
845 3751 1046 3814 confirmetur
1058 3793 1068 3828 ,
1087 3751 1135 3815 rel
1155 3751 1201 3814 ira
1223 3752 1347 3835 aliisque
1368 3754 1422 3814 al-

289 3845 420 3906 fectibus
441 3845 562 3906 turbata
580 3847 786 3908 contineatur.

331 3941 375 4001 Ex
405 3941 471 4013 bis,
495 3962 574 4022 quae
602 3963 693 4026 supra
715 3943 752 4003 de
767 3943 906 4020 Horatii,
922 3945 1015 4008 Persii
1033 3953 1063 4008 et
1077 3941 1227 4009 luvenalis
1242 3943 1341 4008 satiris
1362 3963 1421 4005 ca·

289 4049 421 4116 rumque
450 4035 613 4096 virtutibus
647 4035 883 4117 disputavimus,
905 4039 994 4102 facile
1013 4040 1217 4124 intelligitur,
1245 4039 1419 4124 plurimum

291 4127 428 4189 utilitatis
458 4151 496 4192 ex
529 4152 634 4192 earum
664 4131 796 4193 lectione
817 4133 936 4218 percipi
957 4159 1067 4220 posse,
1088 4157 1216 4222 eamque
1236 4159 1300 4200 non
1323 4130 1418 4198 modo
1453 4140 1456 4145 ’

291 4219 331 4280 ad
351 4219 506 4302 ingenium
527 4225 690 4306 multiplici
710 4227 851 4289 doctriua
873 4231 1091 4314 vatrinrnmque
1112 4256 1216 4295 rerum
1238 4231 1420 4317 cognitione

290 4314 493 4384 excolendum
512 4328 543 4381 et
563 4318 703 4396 mollius,
727 4322 846 4385 suarius
868 4325 1055 4410 facetiusque
1075 4325 1292 4405 reddendum,
1312 4325 1352 4388 ad
1366 4325 1420 4386 iu·

291 4409 407 4481 dicium
437 4415 626 4497 acuendum,
646 4416 687 4482 od
705 4437 830 4486 sensum
852 4423 938 4506 reri,
959 4422 1081 4509 pulcri,
1102 4425 1222 4494 venusti
1241 4433 1275 4494 et
1293 4421 1420 4489 bonuti
