3078 5494
555 402 706 464 strias
742 405 837 468 xrn.
1162 422 1258 518 ²²9

131 602 184 676 Et
199 597 307 677 nullo
332 596 491 676 credant
507 601 691 682 mundum
709 622 859 684 rectore
881 613 1045 706 moveri,
1163 675 1167 684 .

132 720 280 796 Natura
305 716 480 795 volvente
498 720 596 796 vices
615 737 653 794 et
666 718 763 796 lucis
780 739 819 798 et
837 729 948 816 anni3

76 829 80 836 ’
131 833 267 936 Atque
283 831 370 909 ideo
387 833 568 938 intrepidi
587 860 852 942 quaecumque
871 839 1003 916 altaria
1021 859 1190 946 tangunt.
1251 885 1257 894 ·

130 953 200 1026 Est
220 949 335 1042 alius,
354 965 527 1026 metuens
544 977 593 1026 ne
612 955 756 1026 crimen
777 980 901 1058 poena
920 975 1123 1062 sequatur:
1224 999 1259 1050 90

130 1067 203 1142 Hic
221 1083 330 1172 putat
351 1093 429 1143 esse
455 1069 554 1143 Deos
575 1083 613 1142 et
630 1070 799 1172 peierat,
817 1089 931 1177 atque
951 1076 1003 1148 ita
1023 1102 1171 1154 secum:

129 1186 344 1274 Decernat,
363 1181 635 1287 quodcumque
651 1181 775 1276 volet,
796 1185 844 1260 de
864 1211 1029 1292 corpore
1044 1210 1176 1272 nostro

128 1300 199 1373 Isis
218 1315 257 1372 et
272 1300 369 1373 irato
390 1299 503 1372 feriat
529 1323 610 1372 mea
629 1295 773 1374 lumina
798 1302 931 1392 sistro,

128 1409 344 1488 Du‘mrn'odo
364 1410 424 1490 vel
442 1439 576 1488 caecus
594 1429 760 1506 teneam,
779 1441 877 1520 quos
892 1414 1061 1522 abnego,
1078 1445 1223 1503 numos.

127 1531 181 1602 Et
199 1527 358 1631 phthisis
378 1545 417 1602 et
435 1530 601 1607 vomicae
620 1545 751 1632 putres
771 1547 810 1610 et
828 1529 1025 1610 dimidium
1043 1559 1131 1612 crus
1223 1576 1261 1626 95

129 1644 230 1717 Sunt
250 1646 375 1718 tanti?
400 1645 550 1747 Pauper
577 1641 808 1747 locupletem
835 1663 969 1752 optare
995 1647 1202 1753 podagram

129 1761 190 1836 Ne
211 1757 359 1834 dubitet
383 1758 526 1851 Ladas,
555 1762 586 1834 si
611 1785 691 1834 non
717 1778 803 1863 eget
829 1764 1032 1867 Anticyra,
1053 1792 1125 1844 nec

128 1875 363 1976 Archigene:
391 1874 485 1975 quid
504 1877 603 1950 enim
630 1874 768 1954 velocis
789 1875 910 1979 gloria
927 1876 1080 1981 plantae

128 1994 300 2066 Praestat
326 2007 365 2066 et
391 1993 559 2067 esuriens
585 1994 709 2070 Pisaeae
736 2020 861 2068 ramus
887 1992 1039 2072 olivae?

128 2109 186 2182 Vt
202 2109 249 2182 sit
267 2133 421 2211 magna,
439 2123 564 2182 tamen
581 2115 684 2183 certe
703 2107 806 2182 lenta
824 2110 881 2185 ira
899 2109 1068 2186 Deorum
1085 2129 1152 2190 est.
1205 2150 1254 2206 444

130 2221 173 2294 Si
201 2240 338 2328 curant
357 2224 472 2326 igitur
498 2239 654 2300 cunctos
679 2224 817 2328 punire
843 2241 1046 2318 nocentes,

130 2338 297 2434 Quando
323 2338 371 2414 ad
397 2365 456 2418 me
482 2341 666 2416 venient?
691 2337 758 2416 sed
783 2355 822 2414 et
847 2339 1038 2416 exorabile
1065 2344 1214 2421 Numen

131 2456 527 2560 Fortasseexperiar:
554 2455 650 2531 solet
674 2455 731 2530 his
757 2457 970 2558 ignosceret
996 2454 1106 2532 multi

132 2573 383 2646 Committunt
409 2573 539 2648 eadem
567 2571 715 2648 diverso
741 2572 899 2645 crimina
924 2570 1025 2647 lato:

132 2685 207 2761 Ille
234 2713 387 2765 crucem
406 2687 556 2764 sceleris
574 2691 738 2792 pretium
756 2686 866 2780 tulit,
884 2687 945 2762 hic
962 2685 1144 2764 diadema.
1213 2723 1261 2776 tto
1297 2731 1303 2752 ι

186 2803 248 2878 Sic
274 2808 441 2881 animum
467 2804 572 2880 dirae
591 2801 781 2908 trepidum
800 2801 1003 2880 formidine
1021 2802 1158 2911 culpae
1196 2885 1199 2892 ,
1253 2889 1255 2898 y

136 3031 212 3071 44444444
227 3023 279 3071 iun
295 3017 389 3073 44444444
409 3024 448 3072 46.
467 3021 510 3073 23.
529 3028 555 3072 44
568 3017 676 3090 quidam
727 3017 839 3072 Ladas?
857 3017 997 3072 -mttut
1017 3023 1042 3072 2.
1061 3019 1087 3074 t.
1107 3021 1150 3071 40.
1164 3017 1267 3070 22234Ι

135 3103 214 3156 44441.
227 3105 307 3158 Parit.
329 3103 408 3168 644444,
426 3109 469 3176 qai
491 3105 618 3158 Foruurae
632 3103 676 3157 4444
728 3108 759 3156 27
774 3119 837 3156 am.
855 3103 1014 3172 [4444464244.
1031 3099 1265 3156 44444604444414·

136 3188 235 3240 ausibus
260 3195 301 3242 43.
325 3187 389 3242 Sunt
411 3193 453 3259 qui
477 3189 603 3243 Fonuuae
624 3192 676 3240 44444
729 3187 795 3254 dua,
813 3191 835 3239 44·
852 3188 1262 3240 444.2.8.8.40.44.42.45.47.

138 3271 248 3341 npetu
259 3274 445 3342 44.-..4444
461 3277 568 3325 44-44.
583 3275 624 3324 44.
636 3277 675 3324 44.
728 3273 952 3323 44-44.44-44.
970 3271 1079 3322 44-44,
1096 3271 1204 3322 ss-oo.
1219 3271 1263 3320 ss.

139 3359 184 3408 ⁴5.
202 3359 245 3408 50.
261 3359 370 3410 60-63.
388 3361 429 3410 65.
447 3362 488 3410 60.
502 3363 544 3411 69.
563 3363 591 3410 74
599 3361 672 3410 -74,
730 3357 772 3404 66.
783 3354 824 3403 67.
836 3349 922 3402 laudet
941 3355 981 3403 46.
992 3355 1035 3403 23.
1047 3346 1194 3406 &meatim
1209 3365 1265 3400 tto-t

139 3446 184 3492 77.
194 3438 242 3491 Sic
254 3447 281 3490 44
293 3455 353 3491 mox
367 3458 392 3492 v.
407 3445 447 3493 87.
462 3442 562 3493 molunt
576 3445 617 3492 444.
632 3445 673 3492 44.
730 3435 803 3486 mina
821 3432 923 3502 propria
939 3432 976 3486 444
988 3441 1117 3502 compta

140 3526 185 3574 42.
202 3527 241 3574 46.
258 3530 299 3577 46.
317 3527 358 3576 22.
381 3529 423 3577 26.
444 3527 484 3577 27.
507 3529 550 3578 45.
571 3527 612 3577 46.
633 3529 677 3578 47.
762 3522 805 3570 99.
820 3516 989 3570 Praestent.

139 3611 184 3658 49.
200 3609 241 3657 50.
260 3610 491 3660 54-68.00-64.
509 3613 551 3659 65.
572 3609 613 3658 68.
635 3611 676 3659 69.
761 3606 820 3655 tot.
833 3613 916 3654 utrm!
931 3605 972 3654 40.

140 3687 253 3738 44-44.
265 3690 306 3737 44.
323 3685 360 3736 At
375 3683 586 3755 ampullat,
601 3689 659 3738 444.
765 3689 823 3738 444.
841 3687 924 3736 vertet
937 3687 978 3738 4⁵.
995 3683 1038 3737 tc.
1058 3685 1099 3737 44.
1114 3683 1155 3736 st.
1175 3677 1215 3734 44.
1232 3708 1266 3722 -

175 3771 217 3820 89.
230 3767 312 3839 Atque
324 3786 386 3838 ergo
399 3777 440 3820 tt.
728 3767 775 3822 4444
788 3767 915 3820 exorabile
933 3771 975 3820 49.
992 3765 1036 3820 4444
1053 3763 1205 3836 exploratio
1224 3769 1266 3820 45.

177 3854 221 3903 44.
236 3864 263 3902 aa
275 3856 370 3921 peterat
386 3857 426 3906 44.
728 3854 750 3906 st
774 3864 797 3904 44
824 3849 949 3904 moabite
979 3858 1020 3902 tt.
1046 3847 1117 3902 4444444
1140 3845 1268 3900 Schema.

176 3939 220 3987 96.
234 3953 329 4005 semper
346 3951 391 4003 pro
402 3953 495 4006 pauper
509 3940 548 3988 46.
730 3935 798 4004 conj.
814 3933 885 3988 Stet!
908 3932 963 4001 (sit
979 3933 1024 3998 tta,
1036 3934 1090 4002 flat,
1103 3928 1208 4006 4644408
1223 3929 1268 3984 κὺ-
1323 3953 1328 3964 ¹

177 4023 223 4070 97.
237 4015 282 4069 Ne
296 4017 396 4070 restitui
410 4035 440 4070 cx
461 4022 485 4070 2.
500 4021 541 4069 24.
555 4019 596 4068 25.
612 4020 678 4069 66-
732 4018 797 4090 por)
815 4017 954 4070 7444444444
969 4033 1057 4070 mamert
1067 4023 1116 4069 cet.

144 4107 191 4155 60.
213 4105 255 4154 62.
279 4105 321 4154 64.
342 4107 385 4155 66.
406 4107 448 4154 66.
472 4105 513 4154 69.
534 4104 641 4154 74-76.
654 4107 682 4152 el
770 4101 829 4154 403.
842 4104 865 4152 lt
878 4103 920 4152 46.
937 4103 979 4154 46.
991 4104 1032 4154 47.
1041 4103 1084 4153 49.

141 4183 281 4238 nonnullis
297 4186 377 4240 MSS.
395 4185 473 4238 Paris.
494 4182 553 4238 Neo
579 4194 602 4236 t.
620 4191 642 4238 ³.
660 4189 683 4238 ⁵.
770 4188 829 4236 485.
842 4186 948 4253 pretim
974 4180 1016 4236 vel
1037 4183 1145 4252 precium
1171 4179 1271 4234 44444444

144 4271 187 4320 40.
204 4277 246 4320 44.
266 4273 308 4322 42.
328 4271 501 4326 44--20.,22.
517 4272 560 4321 23.
580 4271 620 4320 24.
639 4272 682 4322 27.
737 4270 776 4321 40.
791 4273 832 4321 47.
848 4269 956 4318 49-22.
977 4267 1089 4322 24-27.
1109 4263 1221 4322 45⁶3).
1239 4265 1273 4318 64

144 4356 258 4405 44.-44.
275 4359 315 4406 44.
333 4359 376 4426 ss.
396 4359 437 4406 44.
455 4352 498 4406 63.
517 4356 559 4406 os.
579 4355 621 4406 44.
640 4356 682 4405 ro.
735 4355 812 4404 -oa
831 4353 941 4404 44.-44.

148 4443 191 4491 77.
206 4442 247 4492 82.
260 4433 323 4494 Non
337 4433 485 4494 4424444444
503 4433 574 4493 Num
590 4435 683 4496 44444244
766 4437 823 4493 408.
840 4433 990 4508 wedam
1004 4437 1048 4493 2³.
