3056 5490
454 519 457 528 Ι
550 435 699 494 stTtttt
739 438 801 500 lll·

1087 551 1089 558 Ι
1139 429 1225 532 itur

169 636 238 709 Hic
256 634 395 736 aliquis
410 633 459 708 de
478 621 589 739 geute
609 637 756 714 hircosa
777 643 1058 718 centurionum*

115 751 246 824 Dicat:
267 751 380 845 Quod
396 753 482 825 satis
499 769 575 842 est,
594 757 698 857 sapio
720 755 835 829 mihi:
854 783 933 830 non
951 785 1022 862 ego
1040 772 1135 854 curo

116 867 227 956 Esse,
246 866 352 969 quod
372 865 557 942 Arcesilas
578 873 868 974 aerumnosique
887 873 1065 968 Solones,

115 983 274 1087 Obstipo
295 986 441 1088 capite,
463 1002 501 1058 et
517 983 673 1088 figentes
691 985 834 1062 lumine
859 1007 1020 1080 terram,
1206 1032 1238 1082 30

114 1099 312 1172 Murmura
330 1127 447 1202 quum
466 1125 593 1180 secum
613 1119 650 1174 et
671 1102 818 1177 rabiosa
840 1103 987 1179 silentia
1007 1107 1171 1200 rodunt,

113 1217 240 1316 Atque
260 1233 484 1319 exporrecto
506 1218 741 1292 trutinantur
759 1218 874 1297 verba
895 1219 1056 1314 labello,

115 1410 174 1446 mos
188 1391 288 1446 labores
307 1392 453 1464 adquisitis,
471 1413 512 1447 res
530 1413 587 1454 suas
603 1413 651 1447 au·

114 1495 174 1548 gere
186 1493 239 1528 non
253 1475 409 1530 dubitarent.

153 1567 263 1616 77-87.
279 1563 397 1625 Verum,
418 1561 521 1615 obiiciat
545 1560 654 1632 aliquis,

115 1645 147 1698 ad
166 1645 247 1698 vitam
261 1663 430 1698 communem
443 1644 579 1714 prudentia
593 1645 654 1699 satis

116 1729 259 1782 instruc-tus
271 1747 348 1792 sum,
363 1747 417 1780 non
438 1728 525 1782 laboro
542 1726 654 1798 philoso-

119 1813 186 1882 phus
200 1813 255 1866 lieri
268 1824 293 1867 et
313 1815 342 1866 in
357 1816 434 1883 nugis
452 1811 560 1866 illorum
581 1831 656 1868 occu·

117 1907 190 1968 potus
206 1915 279 1961 esse,
292 1917 354 1968 quas
365 1895 475 1968 populus
487 1898 571 1951 ridere
581 1897 654 1952 solet.

151 1989 193 2036 77.
214 1983 267 2034 Hie
290 1982 381 2052 uliquis
399 1981 431 2034 de
456 1994 530 2052 gente
557 1981 656 2034 hircosa

117 2068 296 2118 centurionem.
313 2066 362 2117 Pro
382 2063 557 2135 philosophiae
575 2065 656 2117 osori·

116 2149 164 2203 ltus
177 2149 261 2218 posuit
274 2149 367 2201 Noster
379 2153 536 2214 cerrmrionee,
545 2147 654 2213 nobiles,

117 2243 147 2285 ut
160 2232 229 2303 apud
240 2235 329 2284 Horat.
342 2235 395 2285 Sat.
409 2237 437 2296 l,
453 2237 477 2284 6.
490 2239 532 2286 73.
547 2241 589 2284 aut
600 2251 656 2284 orn·

117 2317 181 2370 nino
194 2327 276 2370 castra
289 2327 439 2386 sequentes,
462 2316 506 2389 qni
529 2316 656 2369 virtutem

118 2417 226 2452 omnem
241 2403 269 2454 iu
288 2400 459 2470 despiciendis
471 2399 546 2452 bonis
559 2399 656 2453 artibus

118 2485 183 2537 etin
197 2483 353 2556 negligendo
372 2484 484 2553 corporis
501 2482 570 2536 cultu
584 2483 653 2553 posi·

122 2578 178 2620 tam
197 2567 338 2638 putabant,
357 2579 401 2632 ut,
419 2567 440 2618 si
458 2585 511 2618 non
533 2567 612 2618 sortes
630 2575 657 2620 et

118 2653 237 2715 strenui,
252 2642 339 2705 tamen
353 2649 401 2703 leri
422 2661 448 2702 et
464 2648 564 2702 horridi
581 2647 654 2701 nide-

117 2745 218 2788 rentur.
246 2732 383 2802 Epitheton
417 2733 514 2784 hircosa
545 2731 658 2801 corporis

117 2817 313 2871 immunditiem
326 2825 427 2886 spectat.
458 2816 592 2869 interdum
605 2817 656 2867 lu‘r·

118 2923 188 2957 corus
200 2923 246 2973 pro
267 2913 396 2966 vetustus,
414 2899 484 2954 Gell.
495 2903 556 2967 Xll,
569 2907 593 2952 2.

154 2993 196 3042 79.
225 2987 353 3038 Arces'las
378 2984 525 3037 academiae
557 2983 658 3036 mediae

118 3071 254 3142 prioreps,
267 3069 357 3121 doctus
371 3067 477 3138 quidem
491 3066 587 3129 homo,
602 3066 657 3131 sed,

120 3154 141 3206 si
155 3153 242 3206 fabula
261 3169 325 3204 vera
348 3161 401 3214 est,
415 3151 467 3204 vita
486 3169 538 3202 non
563 3150 654 3202 admo·

120 3239 184 3292 dnm
202 3247 298 3290 sancta.
328 3265 331 3272 ⁴
359 3239 514 3298 nemmnosi,
547 3234 596 3288 hoe
623 3235 655 3287 sd

120 3321 207 3374 vultus
226 3319 356 3373 tristitiam
382 3319 563 3393 referendum,
577 3335 656 3388 quam

120 3405 188 3458 curis
200 3423 230 3456 ac
251 3401 346 3474 vigiliis
362 3400 507 3472 philosophi
528 3401 575 3452 sibi
594 3419 655 3453 con-

119 3498 263 3559 traxerant,
279 3497 322 3540 aut
333 3487 416 3557 potius
427 3485 592 3540 statuendum
603 3495 656 3550 est,

120 3572 294 3643 philosophiae
311 3589 412 3624 osorem
426 3569 476 3622 hoc
492 3567 570 3621 verbo
584 3567 655 3620 abuti

121 3657 155 3709 ad
168 3655 334 3708 severitatem
346 3653 434 3706 vultus
448 3649 644 3723 designandam.

157 3745 198 3792 80.
213 3737 317 3808 Obstipo
329 3742 418 3806 eapite.
431 3737 481 3788 hoc
492 3735 658 3804 explicatret.

123 3823 201 3876 schol.
219 3827 298 3893 Cruq.
312 3821 344 3876 ad
356 3825 445 3874 Horat.
460 3821 514 3874 Sat.
528 3821 585 3882 11,s
597 3860 604 3884 ,
616 3823 657 3872 92.

122 3909 200 3970 repnte
212 3889 330 3959 inclirroto
347 3910 374 3957 in
388 3905 492 3956 ahenum
509 3901 657 3964 humerum,-

123 3991 155 4043 ad
175 3990 291 4044 habiturn
310 3986 460 4040 meditantis
480 3985 606 4056 pertinet,
623 3983 659 4037 ita

68 4065 76 4082 ⁸
123 4087 153 4128 ut
170 4093 295 4146 sequens:
313 4075 422 4147 figentes
434 4074 530 4124 lumine
552 4083 660 4135 terram,

124 4171 152 4215 ut
170 4159 240 4233 apud
253 4163 318 4213 sut.
335 4157 399 4211 Silv.
417 4159 456 4222 V,
477 4163 508 4221 t,
527 4160 585 4208 ⁴40.
606 4155 660 4208 lor·

124 4243 191 4305 tius,
204 4259 284 4310 quam
305 4241 400 4292 lnnrim
416 4253 481 4290 terro
497 4237 600 4308 figere,
616 4243 662 4287 eut

124 4327 208 4378 οσιιὶω
219 4325 289 4386 solo,
308 4333 336 4374 ut
348 4331 386 4373 est
398 4320 464 4391 apud
481 4320 545 4372 alios
563 4323 658 4390 potins.

125 4407 231 4462 Lucinn.
254 4405 281 4460 in
303 4404 375 4460 Tim.
394 4407 426 4458 T.
453 4407 473 4456 l.
494 4421 520 4474 p.
544 4408 600 4458 470.
618 4400 659 4454 ed.

230 4558 308 4630 lvv.
328 4557 356 4627 I.

706 1398 777 1449 liele.
793 1395 825 1450 dc
837 1397 937 1472 incessu
950 1399 1094 1470 philosophi
1108 1400 1239 1455 cuiusdam

704 1475 847 1540 ἐκπετάσας
859 1483 923 1548 γοῦν
945 1481 988 1534 τὸν
1002 1481 1117 1550 πώγωνα
1137 1483 1181 1534 καὶ
1194 1482 1239 1543 τὰς

703 1559 780 1634 ὀφρῦς
796 1562 942 1628 ἀνατείνας,
957 1565 1002 1618 καὶ
1014 1563 1199 1638 βρινθυόμινός
1210 1583 1237 1618 τι

704 1643 767 1713 πρὸς
787 1643 863 1700 αὐτὸν
881 1641 985 1724 ἔρχαται
995 1685 1005 1711 ,
1026 1647 1162 1709 τιτανῶδες
1178 1647 1240 1718 plt-

704 1743 759 1780 πων
777 1739 826 1782 cet.

739 1847 780 1896 8¹.
806 1843 939 1896 Murmura
957 1862 1031 1913 qrrrm
1049 1862 1130 1896 senem
1152 1857 1176 1897 et
1192 1864 1235 1896 ro·

705 1924 983 1976 Hosasilrntiarodnnt.
1000 1924 1240 1990 Mwmurarodwrt,

706 2007 1240 2080 i.e.tamqnamremgrsvissimamanimo

706 2091 1103 2146 volutantestacitemurrnurant
1112 2093 1242 2166 motisque

707 2177 828 2241 maxillis,
837 2177 897 2230 inde
906 2177 994 2231 rodere
1006 2197 1139 2241 murmura,
1153 2178 1242 2246 Quin·

706 2261 744 2316 til.
758 2265 799 2330 X,
813 2269 844 2330 ἃς
861 2262 1031 2316 nihilominus
1043 2273 1130 2316 tamen
1142 2263 1241 2317 durum

706 2355 758 2408 est,
772 2364 865 2398 verum
889 2345 954 2397 irato
968 2343 1113 2398 centurioni
1130 2345 1157 2398 id
1180 2363 1242 2398 oon·

706 2427 842 2480 donemus.
866 2426 1006 2498 Antholog.
1024 2429 1080 2480 Lat.
1097 2430 1186 2481 Burm.
1206 2431 1241 2481 T.

705 2513 736 2562 ll.
751 2510 839 2581 Epigr.
855 2515 909 2563 ⁴39.
936 2528 1000 2563 vers.
1020 2515 1048 2562 21
1067 2528 1138 2580 seqq.
1152 2511 1200 2561 Est
1216 2521 1241 2562 et

706 2611 755 2643 non
768 2593 860 2662 igitur,
873 2593 964 2662 quoties
982 2591 1062 2642 lucem
1078 2609 1127 2642 esse
1150 2593 1240 2662 futen·

705 2678 765 2728 dum
778 2691 825 2742 est,
850 2678 903 2729 Sed
924 2695 975 2728 non
992 2695 1043 2728 esse
1058 2677 1144 2740 diem3
1168 2677 1239 2728 atille

706 2762 764 2813 hino
776 2765 910 2812 certamino
923 2772 1025 2830 surgunt
1031 2798 1041 2822 ,
1066 2760 1134 2812 Hinc
1150 2763 1243 2830 parret,
1283 2774 1291 2787 ⁸

707 2845 778 2895 multi
808 2841 901 2914 quoque
931 2845 994 2894 satta
1020 2845 1239 2906 commeditantes,

708 2927 838 2980 Murmure
851 2927 966 2979 conclamo
978 2929 1078 2980 rabiosa
1087 2928 1188 2978 silentia
1200 2946 1242 2978 ro·

707 3013 776 3062 dunt.
812 3009 901 3080 Qualis
931 3013 983 3061 vito
1016 3011 1161 3076 hortunam,
1191 3010 1241 3061 duo

708 3115 781 3167 quum
791 3093 964 3166 nronosyllaba
976 3097 1084 3146 versant!
1097 3123 1129 3134 -
1140 3095 1242 3146 rabiosa

706 3176 1029 3247 silentia.‹prandoquidem
1036 3177 1168 3229 silentium
1180 3195 1243 3229 cum

706 3280 842 3314 murmure
870 3263 986 3328 fixusque
1023 3261 1127 3314 obtutus
1162 3259 1243 3312 rabiei

707 3345 811 3416 signum
825 3363 878 3396 esse
895 3341 967 3396 solet.
1076 3395 1077 3400 ,

741 3480 782 3528 82.
809 3475 892 3544 Atque
920 3487 1062 3543 exporrecto
1093 3478 1244 3527 ordinante

707 3561 780 3612 verda
792 3561 891 3612 labello.
915 3557 983 3610 Mira
1000 3559 1120 3627 quidem,
1134 3559 1245 3612 sednon

708 3647 796 3698 minus
815 3655 872 3714 opta
886 3643 946 3696 hnic
957 3643 993 3694 rei
1009 3643 1109 3697 locutio.
1123 3647 1249 3697 emmam·

708 3744 748 3782 tur
764 3729 780 3782 i.
799 3746 821 3779 e.
844 3727 1009 3798 expendunt3
1030 3727 1095 3799 quid
1117 3727 1244 3778 tandem?

708 3814 793 3864 verba.
808 3831 870 3881 ergo
881 3811 908 3862 in
922 3810 1064 3863 verborum
1078 3809 1245 3862 contentione

708 3894 903 3964 occupatisunt‚
914 3891 983 3961 qnod
997 3910 1071 3962 saepe
1085 3889 1244 3961 philosophis
1287 3925 1289 3928 -

708 3997 723 4030 a
738 3977 851 4028 Luciano
864 3973 994 4027 obiicitur.
1003 3993 1029 4028 v.
1044 3976 1072 4026 in
1084 3978 1244 4026 Demonacte

709 4079 732 4114 c.
750 4056 1130 4128 28.T.1t.p.386.ed.neis.
1148 4056 1246 4108 vtorts
1266 4043 1272 4056 ’
1341 4045 1349 4060 ¹

710 4143 829 4194 habitum
849 4141 957 4194 tandem
975 4139 1123 4191 meditantis
1142 4138 1242 4203 rideas,

712 4227 838 4281 adiectum
856 4236 909 4278 est:
931 4237 1072 4296 exporrecto
1089 4225 1194 4291 labello,
1210 4225 1245 4277 ita
1305 4252 1309 4260 ·

710 4322 739 4364 ut
753 4311 825 4363 labiis
837 4309 961 4380 porrectis
978 4327 1024 4362 ceu
1047 4307 1157 4361 trutinae
1168 4307 1247 4364 verba

712 4397 822 4468 adpensa
839 4395 982 4450 videantur.

1075 4541 1145 4616 Co
