3046 5498
1156 389 1204 488 lr

78 614 139 690 tat·
156 617 321 708 depromit
338 628 517 708 argumenta
538 629 570 688 st
588 640 711 688 omnem
733 619 799 688 lere
818 638 944 686 succom
957 627 1050 706 atquc
1064 617 1207 690 colorem

82 715 158 785 lusit
179 718 350 786 Praeterea
371 717 595 807 dispiciendum
616 726 681 800 est,
701 717 785 808 quod
799 715 894 786 cnivis
914 721 1023 806 polteo
1036 716 1129 784 luerit
1149 717 1202 786 in·

12 869 14 874 ,
89 815 204 903 gnum,
226 837 312 904 qnae
332 815 483 884 institutio
503 825 533 883 et
553 818 652 884 victus
671 813 872 882 consuetudo.

11 1483 13 1530 l

11 1745 14 1794 l

11 1901 13 1952 l

11 1957 13 1970 l

124 917 267 992 bailias,
290 928 327 982 ut
346 919 384 980 de
404 938 441 985 eo
464 917 597 1002 primum
616 915 765 1002 quaedam
786 926 817 980 ct
837 933 974 980 scorsum
995 906 1150 996 dicamus,
1163 910 1203 981 ab

92 1014 187 1076 obsessa
202 1015 399 1100 Cartbagine
420 1015 459 1078 ad
480 1015 602 1078 initium
622 1015 720 1098 quinti
740 1014 913 1076 consulatus
940 1007 1054 1092 Marii,
1083 1014 1116 1075 in
1139 1037 1202 1098 quo

94 1110 190 1172 Cimbri
205 1120 238 1172 et
261 1113 421 1175 Teutones
440 1113 513 1175 victi
534 1122 622 1190 sont,
643 1111 781 1194 adeoque
801 1131 835 1174 ee
856 1109 932 1174 vixit
952 1121 1066 1188 aetate,
1089 1133 1149 1194 qua
1169 1112 1204 1172 in

94 1205 282 1287 slieqaidem
302 1207 479 1271 ardescebat
499 1209 584 1293 quasi
606 1217 783 1282 certamen,
806 1207 837 1267 in
858 1205 942 1290 quod
962 1207 1078 1290 antiqui
1100 1227 1203 1268 mores

94 1323 145 1366 can
159 1301 273 1376 rosis,
293 1303 430 1386 probitas
450 1325 519 1366 cum
541 1304 756 1386 improbitate,
776 1299 1014 1377 descenderent,
1034 1301 1088 1364 sed
1108 1301 1204 1364 airtns

91 1396 202 1480 plmiore
223 1397 337 1462 adhuc
356 1420 411 1462 ore
430 1400 590 1484 palamque
611 1399 793 1460 laudabatur
813 1407 844 1459 et
867 1396 1041 1460 innocentie
1061 1419 1078 1458 a
1098 1395 1204 1458 moltis
1284 1406 1287 1416 “

84 1491 308 1576 protegebam
329 1518 389 1580 qna
409 1515 554 1558 numerus
574 1496 770 1558 infirmorum
790 1503 1046 1576 aegrotorumque
1067 1491 1204 1577 quotidie

79 1587 239 1670 gliscebat,
260 1593 317 1654 sed
338 1614 403 1654 non
424 1591 552 1656 deerant
574 1590 703 1667 medici,
722 1611 856 1675 quorum
878 1589 1014 1652 remedia
1033 1588 1058 1650 ai
1079 1609 1143 1652 non
1157 1609 1205 1659 sr-

11 1701 13 1738 t
77 1695 170 1748 ceoent
189 1689 411 1772 contagionem
434 1699 635 1772 pestemque,
655 1707 692 1750 ex
711 1687 798 1761 ssia,
820 1686 948 1748 Graecia
971 1695 1003 1748 ct
1022 1683 1204 1748 Macedonia

75 1781 293 1864 inportatam,
313 1786 418 1847 saltem
439 1785 500 1848 sim
515 1783 580 1846 eius
601 1783 827 1865 infringerent3
845 1804 905 1864 qna
926 1780 1027 1842 adhuc
1047 1781 1136 1842 bonis
1151 1801 1205 1862 po·

75 1877 122 1938 tius
141 1901 241 1962 qnam
265 1879 353 1942 malis
374 1879 511 1954 artibus,
531 1889 562 1941 et
582 1879 745 1942 virtutibus
764 1877 860 1959 magis
880 1899 971 1959 qnam
993 1875 1152 1938 nobilitate
1173 1885 1205 1939 et

11 2001 12 2006 ¹
73 1972 177 2034 divitiis
197 1997 342 2037 summus
361 1975 514 2058 dignitatis
535 1974 647 2058 gradus
667 1974 870 2049 obtinebatur,
891 1981 922 2036 et
941 1974 1065 2037 iuvenes
1084 1972 1207 2058 virique

11 2221 12 2228 ,
72 2185 143 2226 uam
163 2177 196 2228 et
229 2169 382 2230 mensoria
402 2187 507 2230 rerum
546 2166 750 2228 emuloribus
770 2175 943 2249 gestarum,
965 2166 1003 2226 ad
1025 2187 1125 2228 mores
1149 2187 1205 2228 eo·-
1336 2195 1343 2206 ·

11 2249 13 2278 l

11 2369 13 2380 t

11 2445 12 2456 t

11 2461 13 2474 l

72 2069 216 2132 natalium
237 2071 402 2156 splendore
423 2071 583 2156 conspicui
613 2071 702 2132 bonis
730 2069 893 2152 exemplis,
927 2069 1071 2152 adspectu
1092 2071 1215 2153 imagi-·

70 2285 140 2324 rnna
161 2273 342 2326 constanter
361 2263 494 2325 tuendos
515 2271 546 2324 et
565 2261 605 2324 ed
624 2283 678 2336 eo,
709 2283 788 2346 quae
809 2263 959 2337 honeste,
990 2261 1149 2342 praeclar·
1174 2271 1206 2324 et

68 2361 236 2443 magnilica
257 2370 351 2436 sunt,
371 2358 512 2422 sectanda
534 2358 823 2430 inflammabantur,
844 2380 904 2441 qua
920 2357 1043 2419 libertas
1058 2357 1205 2440 loquendi

69 2455 291 2540 scribendique
310 2454 451 2517 nondum
472 2454 520 2518 vel
540 2455 661 2536 legibue
679 2453 726 2518 sel
748 2462 831 2514 metu
852 2461 1055 2534 tyrannorum
1070 2451 1205 2532 praecisa

10 2585 13 2624 ς
67 2561 163 2626 crat,
184 2571 283 2634 neque
310 2571 421 2632 magon
453 2549 501 2612 sel
533 2551 654 2632 generis
684 2549 732 2612 vel
762 2546 879 2609 ordinis
907 2545 986 2606 retio
1014 2543 1204 2618 hebebatnr3

10 2657 11 2660 ’
67 2667 128 2730 qne
150 2657 309 2730 praeterea
332 2645 481 2719 Romani,
504 2645 624 2728 scriptis
635 2643 799 2706 Menandri
810 2640 1004 2724 aliorumque
1013 2641 1204 2702 Graecorum

68 2741 198 2818 exculti,
223 2739 286 2804 iarn
309 2763 405 2826 paene
425 2751 573 2804 exuerent
594 2741 737 2802 rusticam
768 2741 907 2800 iocorum
928 2756 1090 2818 morumqe
1110 2756 1204 2818 espe-

67 2841 190 2902 ritatem
213 2850 245 2902 et
267 2839 406 2923 lingnam
426 2861 510 2902 snam
531 2837 620 2922 plane
640 2837 679 2898 ad
701 2837 851 2898 Graecam
873 2834 1007 2896 formare
1027 2843 1204 2914 coeperant.

10 2959 11 2962 ¹
66 2933 150 2997 lalem
170 2941 268 3018 poeta
291 2935 404 3011 Laelii,
434 2935 587 3018 Scipionis
614 2933 806 3015 aliorumque
836 2935 1027 2992 sumniorum
1062 2928 1205 2992 virorum

65 3031 296 3094 consuetudine
317 3031 444 3114 politos,
479 3029 569 3092 hilari
589 3038 620 3089 et
640 3037 763 3110 promto
785 3025 822 3087 ad
843 3025 1009 3090 iocandum
1041 3023 1144 3084 animo
1173 3033 1205 3086 et

10 3135 11 3212 }
64 3127 180 3208 ingenii
202 3127 329 3188 dotibus
349 3127 467 3210 egregie
487 3147 504 3186 a
525 3133 634 3186 natura
656 3125 822 3184 instructus
842 3132 908 3182 erat
936 3127 988 3194 (r.
1009 3117 1114 3181 Horat.
1140 3117 1205 3179 Sat.

64 3221 102 3296 ll,
123 3245 150 3298 a,
173 3223 338 3306 lia-74).
357 3224 441 3284 Hinc
462 3221 514 3282 illa
535 3220 660 3282 audacia
682 3238 852 3300 magnaque
873 3217 1037 3280 verborum
1058 3214 1205 3291 libertus,

63 3338 122 3400 qna
145 3317 288 3380 Lucilius
307 3339 394 3380 sense
413 3316 523 3378 mentis
547 3315 646 3398 polam
677 3311 833 3396 expromit
863 3319 893 3371 ct
923 3309 1073 3391 explicat,
1105 3329 1206 3390 neque

63 3423 121 3473 tam
144 3413 222 3474 vitia
243 3434 338 3496 quern
358 3412 439 3496 ipsos
460 3411 567 3473 stultos
589 3419 621 3472 et
643 3409 802 3490 improbos
821 3404 1043 3487 cuiuscumque
1062 3403 1203 3486 generis,

61 3505 120 3570 loci
144 3529 181 3570 ae
203 3507 363 3590 dignitatis
384 3507 433 3570 sel
454 3505 638 3568 nominatim
659 3505 846 3575 insectatum
880 3500 956 3562 hinc
983 3499 1108 3581 antiqua
1142 3498 1205 3560 eius

60 3615 91 3667 et
109 3605 287 3667 vernacula
307 3602 448 3666 festiviter
467 3611 498 3664 et
517 3600 591 3664 sales
613 3600 710 3682 magis
731 3599 815 3681 nigri
835 3619 928 3680 quarn
945 3597 1077 3671 urbani,
1095 3613 1134 3658 ex
1146 3615 1206 3655 au-

10 3705 11 3756 l
61 3701 203 3763 ctoribos
225 3700 336 3764 veteris
356 3700 548 3762 Graecorum
581 3694 759 3759 comoediae
790 3694 908 3766 bausti;
945 3691 1019 3752 binc
1049 3687 1206 3752 incondite

60 3797 217 3858 untionis
238 3798 381 3880 asperitas
402 3804 433 3858 et
451 3814 557 3856 versus
577 3792 639 3863 illi,
660 3791 779 3854 Graece
799 3809 889 3872 saepe
909 3786 1003 3850 rerba
1022 3783 1140 3847 Luticia
1153 3784 1206 3844 in·

10 3959 11 3968 ¹
60 3901 225 3967 muta,
244 3903 337 3974 atque
356 3887 521 3951 limatiores
541 3886 666 3971 quidem
688 3883 858 3960 Ennianis,
879 3880 932 3944 sed
947 3879 1048 3942 minus
1068 3875 1155 3962 politi
1174 3885 1207 3966 et

10 3985 12 4066 l
62 3987 178 4063 consti,
201 4007 295 4069 qnam
315 3992 485 4068 politorum,
506 4003 586 4065 quos
604 3981 751 4044 Caesaris
764 3989 796 4044 et
810 3976 938 4059 Augusti
955 3971 1110 4036 saeculum
1125 3969 1209 4032 tulit.

10 4105 12 4116 ²
100 4084 154 4144 Ab
175 4103 253 4144 eeso
274 4080 434 4145 Luciliano
454 4079 585 4142 multum
605 4077 771 4142 differebat
790 4073 1002 4138 Horatianum.
1023 4069 1145 4131 Statum
1160 4066 1209 4129 rei

10 4457 18 4799 l

10 4931 18 5056 l

62 4177 211 4260 publicas
244 4178 401 4240 Romanae
429 4175 539 4252 luxus,
571 4174 698 4240 avaritia
719 4183 882 4254 ceteraque
914 4165 1006 4240 sitia,
1037 4184 1114 4248 quae
1143 4182 1207 4223 una

63 4293 134 4336 cnm
156 4271 276 4338 divitiis
290 4269 469 4357 ‘peregrinis
489 4271 763 4354 immigraaerant,
790 4268 823 4330 in
843 4264 907 4328 dies
929 4259 1023 4346 magis
1042 4257 1208 4322 labetacta-

63 4367 136 4434 bant
155 4380 189 4436 et
210 4369 329 4435 mnam
350 4369 383 4434 in
414 4369 542 4434 modurn
568 4365 790 4434 concutiebant
820 4361 958 4450 primum
987 4354 1208 4440 Gracchanus,
