3056 5490
325 375 417 488 408
491 423 496 432 .

809 404 941 466 Puusu
1006 443 1011 454 ·

321 611 469 692 Dicere,
490 603 645 682 sorbitio
666 601 766 678 tollit
784 631 897 708 quern
917 603 998 680 dira
1016 608 1205 708 cicutae):

322 726 408 818 Quo
428 721 576 796 fretus?
594 721 656 796 dic
676 722 758 811 hoc,
777 723 900 824 magni
919 719 1066 825 pupille
1086 722 1231 800 Pericli.

321 835 470 912 Scilicet
489 839 684 938 ingenium
705 853 743 910 et
763 845 890 908 rerum
909 836 1111 942 prudentia
1132 838 1237 914 velox

323 961 420 1030 Ante
439 953 536 1060 pilos
554 957 668 1030 venit:
689 952 849 1028 dicenda
871 953 1106 1058 tacendaque
1126 955 1250 1033 calles.

322 1073 425 1174 Ergo
444 1071 510 1145 ubi
529 1087 713 1146 commota
733 1067 854 1157 fervet
872 1067 1071 1172 plebecula
1091 1071 1190 1164 bile,

323 1188 414 1261 Fert
432 1189 576 1262 animus
597 1183 740 1260 calidae
758 1182 888 1258 fecisse
909 1185 1055 1286 silentia
1075 1188 1207 1262 turbae

324 1369 356 1420 με
379 1348 525 1420 ὁμολογεῖν,
545 1349 584 1403 ὅτε
604 1349 699 1402 πολλοῦ
719 1345 804 1408 iudeis
821 1348 857 1400 ὧν

323 1431 400 1494 αὐτὸς
422 1433 477 1496 ἔτι,
501 1432 614 1502 ε’μαυτοῡ
636 1430 681 1500 pia
702 1431 800 1500 ἁμὲλω,
826 1431 861 1483 'ui

325 1513 350 1571 δ’
357 1517 495 1573 Munius
514 1517 626 1586 πράττω.
643 1515 771 1568 bur-dutum
788 1516 861 1566 crude

326 1605 474 1671 magistrum
489 1601 588 1654 Dicere.
595 1600 711 1652 barbatus
724 1599 764 1651 vel
776 1617 858 1652 unum

327 1704 359 1738 ex
382 1685 502 1754 antiquis.
532 1684 710 1748 luvenallV,
737 1691 794 1741 403.
819 1683 860 1740 rel

326 1767 507 1840 philosophum
530 1769 663 1841 designat,
676 1770 747 1824 cuius
759 1771 861 1841 insigne

326 1852 407 1905 barba
419 1851 574 1917 habebatur,
592 1852 706 1906 luvenal.
724 1855 794 1917 xlv,
811 1859 840 1905 ⁴2
850 1876 859 1917 ;

327 1937 433 1991 Lucian.
446 1936 561 2008 pluribus
575 1937 650 2009 locis;
663 1937 732 1991 unde
747 1937 860 2008 lepidum

327 2018 395 2072 illud
405 2021 502 2073 Horatii
509 2009 606 2074 dictum
614 2021 640 2073 in
649 2021 861 2075 Stoicumllorat.

329 2105 383 2156 Sat.
398 2105 438 2166 ll,
453 2112 477 2156 3.
493 2110 523 2156 46
535 2123 605 2172 seqq.
840 2155 846 2168 ,

364 2191 389 2238 2.
404 2185 527 2262 Sorbitio,
538 2184 649 2260 ῥόφημα.
668 2187 771 2240 Aelian.
786 2189 815 2239 V.
828 2189 861 2241 ll.

330 2271 381 2336 IX,
405 2276 445 2325 38.
466 2273 582 2324 Verbum
605 2275 654 2323 hoc
671 2282 819 2340 usurpatum
848 2292 862 2324 a

331 2353 435 2418 multis,
457 2353 492 2406 cs.
509 2357 596 2406 Burni.
611 2355 641 2406 ad
656 2353 764 2407 Pliaedr.
782 2357 807 2418 1,
822 2361 864 2409 26.

334 2442 443 2502 sisarae,
462 2437 582 2504 κώνειον,
604 2437 670 2492 Plia.
692 2442 724 2492 H.
735 2439 766 2492 tt.
781 2439 862 2491 XXV.

333 2523 399 2574 Sect.
429 2525 470 2574 95.
497 2521 586 2574 Senec.
613 2522 691 2591 Epist.
720 2530 759 2576 ts.
777 2521 864 2576 Cicuta

332 2621 449 2674 magmate
459 2603 584 2656 Socratem
583 2605 657 2678 fecit.
664 2603 763 2660 Platon.
771 2605 864 2659 Phned.

333 2707 355 2756 p.
367 2691 424 2739 264.
446 2689 478 2738 T.
494 2693 514 2742 l.
533 2689 574 2741 ed.
587 2691 640 2758 Bip.
652 2692 707 2741 Hoc
720 2687 806 2741 dirum
823 2691 861 2742 la·

333 2775 406 2847 cinus
424 2755 554 2829 aetirnam
569 2777 767 2830 Atheniensibus
778 2788 865 2830 notam

312 2851 314 2857 ’
332 2858 432 2911 inussit:
445 2861 533 2914 luven.
547 2863 611 2926 Vll,
625 2867 673 2914 205
691 2881 760 2932 seqq.

368 2948 394 2994 3.
404 2943 460 3012 Quo
478 2946 575 3010 fietus?
593 2944 643 3015 ὅτῳ
658 2945 796 3010 πιστεύων,
808 2944 865 2998 Pla·

335 3033 369 3077 to.
401 3026 530 3100 Periclis
553 3029 637 3081 sorana
664 3027 807 3094 Periclem,
829 3040 867 3080 cst

336 3105 445 3158 Perielci
458 3119 483 3160 ct
500 3121 659 3164 contractum
679 3111 782 3164 Pericli.
817 3133 868 3164 ritu·

336 3194 382 3258 gm'
401 3208 452 3242 non
471 3191 555 3244 solum
577 3195 614 3245 rei
628 3192 743 3262 publicae
757 3195 867 3248 admini-

336 3273 455 3326 strandae
480 3275 584 3328 scientia
610 3297 733 3347 magrurm
754 3298 812 3330 eum
828 3285 865 3332 le·

337 3367 421 3420 cerat,
441 3359 485 3411 sed
506 3360 583 3412 etium
595 3367 722 3413 bonarum
734 3364 828 3414 artium
844 3374 869 3416 et

337 3439 470 3494 literarum
491 3443 588 3510 tutela,
604 3445 696 3516 quibus
716 3457 777 3498 tunc
797 3458 865 3499 tem·

337 3523 406 3592 poris
415 3524 534 3578 Athenae
545 3531 663 3578 omnium
672 3528 868 3580 florentissimae

337 3619 418 3662 erant
431 3609 641 3681 piepille.Clineas
655 3611 793 3666 Alcibiadis
800 3629 872 3683 pater

337 3692 478 3758 Periclem,
500 3694 620 3764 Xantippi
635 3694 717 3748 lilium
726 3735 735 3760 ,
754 3707 869 3751 tutorem

338 3773 466 3830 Alcibiadi
480 3777 592 3848 reliquit.

373 3865 465 3915 4-ts.
486 3863 532 3914 His
552 3863 668 3915 versibus
684 3864 797 3917 Socratis
819 3882 874 3934 per·

340 3959 432 3996 sonam
447 3943 515 3996 bene
535 3946 644 3997 sustinet
661 3946 772 4010 Noster,
784 3946 874 3999 adrer-

340 4027 486 4098 striumque
503 4037 563 4081 nota
580 4027 622 4080 illa
640 4029 721 4081 ironia
747 4029 866 4102 adgredi·

340 4117 397 4174 tur,
424 4131 473 4180 qua
497 4131 523 4165 se
544 4115 690 4166 existimare
711 4113 787 4180 dicit,
811 4134 870 4168 eum

341 4195 429 4247 omnia
449 4195 491 4249 illa
506 4209 608 4264 tenere,
621 4219 686 4268 quae
699 4199 800 4276 cognita
818 4219 872 4252 esse

342 4277 449 4330 debeant
462 4299 516 4332 rem
532 4281 658 4350 publicam
673 4283 871 4336 administranti.

377 4368 401 4412 4.
427 4367 573 4432 ingenium,
592 4385 644 4418 riou
673 4366 774 4436 proprie
801 4385 872 4420 sum·

909 1359 1000 1418 ptum,
1016 1351 1059 1404 sed
1073 1370 1119 1404 usu
1137 1361 1162 1404 et
1175 1351 1290 1406 doctriua
1304 1349 1417 1405 subactam

910 1433 1045 1504 intelligas.
1067 1438 1155 1490 Senes.
1180 1437 1262 1504 Epist.
1279 1436 1418 1486 49.·Doeilu

910 1533 998 1571 nawa
1017 1539 1062 1571 rios
1083 1521 1162 1572 edidit
1170 1559 1179 1583 ,
1201 1533 1226 1571 et
1239 1523 1355 1570 renarrem
1365 1519 1419 1568 dulit

911 1605 1092 1674 inperfectam,
1113 1605 1157 1654 sed
1174 1621 1237 1674 eptae
1247 1603 1334 1673 perfici
1345 1614 1418 1668 posset

910 1686 1046 1756 Ingenium
1062 1685 1170 1758 largitur
1191 1696 1297 1749 natura,
1315 1683 1375 1736 vires
1389 1703 1419 1735 su·

911 1779 964 1822 tem
981 1769 1078 1842 ingenii
1093 1781 1208 1832 exercet,
1220 1779 1296 1840 anget
1308 1779 1333 1821 et
1342 1769 1419 1837 pernas

911 1871 971 1906 usus
994 1865 1020 1907 et
1042 1853 1167 1907 doctrina.
1186 1873 1272 1907 rerum
1295 1852 1420 1923 pnrdernia,

911 1935 1052 1990 multarum
1067 1956 1154 1990 rerum
1168 1955 1229 1989 usus
1240 1941 1267 1989 'et
1279 1935 1420 2006 experientia,

911 2039 1001 2073 rerum
1024 2021 1195 2073 humanarum
1210 2018 1332 2090 cognitio.
1344 2021 1421 2079 Deeo,

913 2107 956 2176 qui
975 2105 1061 2176 populi
1082 2123 1172 2158 curam
1190 2109 1281 2178 gerere
1300 2101 1366 2164 vult,
1379 2101 1421 2153 iure

914 2201 994 2260 potest
1010 2189 1152 2260 postulari,
1177 2199 1206 2241 ut
1225 2186 1357 2259 prudentia
1373 2184 1419 2236 reli·

913 2295 977 2346 quos
997 2278 1066 2328 cives
1090 2273 1210 2344 excellat3
1230 2270 1420 2344 quandoquidem

914 2370 1002 2412 autem
1023 2357 1067 2412 illa
1086 2357 1221 2430 prudentia
1235 2377 1315 2411 annos
1327 2374 1421 2426 precur-

915 2463 972 2496 rere
992 2444 1137 2509 interdum,
1155 2461 1312 2514 «quamquam
1324 2459 1385 2504 raro,
1397 2457 1423 2490 so

916 2528 968 2595 let‚·
991 2529 1164 2589 adulatoribus
1183 2527 1246 2582 inde
1267 2545 1365 2596 cunpus
1381 2542 1423 2594 sps·

915 2615 993 2668 tiostrs
1007 2613 1095 2683 patuit.

950 2703 973 2751 5.
991 2701 1058 2750 Ante
1082 2700 1161 2766 pilos,
1172 2709 1232 2750 ante
1246 2696 1365 2758 barbam,
1377 2700 1424 2745 ante

916 2777 1425 2853 pubertatem.dieeudatacendaquceallas.

916 2869 1032 2919 Fortasse
1039 2863 1312 2933 Nosterprudentiam‚
1318 2879 1376 2930 quae
1385 2877 1426 2912 ter·

917 2950 987 3000 nitur
1003 2948 1144 3000 indicendi
1163 2961 1233 3012 arte,
1252 2945 1358 3014 intelligi
1370 2939 1427 3002 vult,

917 3032 1025 3086 totidem
1039 3033 1092 3085 sere
1104 3032 1188 3084 verbis
1207 3031 1363 3101 designatam
1375 3022 1426 3094 spui

918 3113 1024 3181 Quintil,
1034 3116 1069 3180 ll,
1084 3121 1131 3169 20:
1145 3117 1189 3168 At
1199 3117 1253 3166 illis
1269 3109 1436 3183 (pbilosophis)

919 3199 1115 3264 interdicutm
1132 3202 1153 3250 si
1171 3217 1308 3252 euruonure
1320 3197 1390 3248 tibiiu
1396 3191 1429 3263 fit·

920 3284 1012 3334 ciendis
1017 3295 1040 3334 ct
1048 3301 1097 3333 stou
1098 3282 1206 3353 fireieud
1208 3285 1228 3333 is
1237 3284 1330 3353 ur'rtutis⁸
1335 3291 1375 3339 est,
1384 3292 1431 3346 qaum

918 3385 977 3434 pars
992 3371 1042 3418 eius
1056 3367 1187 3436 prudentia
1201 3378 1317 3423 vocatam,
1329 3363 1431 3413 eudimus

921 3451 1032 3502 dicendis
1048 3463 1071 3501 ct
1089 3467 1138 3500 uoti
1154 3449 1269 3500 dicendis
1280 3449 1333 3499 erit.
1346 3448 1431 3496 llmuer.

920 3533 1014 3604 Odyss.
1043 3553 1083 3598 η,
1114 3536 1164 3584 440
1190 3550 1244 3600 seq.
1274 3533 1343 3598 Quae
1369 3525 1432 3595 igitur

921 3617 1015 3668 Noster
1035 3616 1061 3668 in
1084 3616 1142 3666 viro
1161 3633 1218 3668 rem
1232 3615 1357 3684 publicam
1368 3607 1432 3662 adrati-

922 3701 1062 3754 nistrsturo
1085 3697 1227 3764 desiderat,
1259 3708 1316 3752 sunt
1341 3695 1434 3765 prinum

923 3783 992 3836 vires
1011 3783 1124 3855 ingenii,
1151 3793 1207 3836 tum
1227 3781 1359 3851 prudentia
1375 3789 1396 3830 et
1414 3776 1434 3826 in

923 3865 1042 3935 gerendis
1074 3863 1143 3930 (hoc
1163 3865 1233 3914 enirn
1263 3863 1361 3915 vidctur
1382 3856 1434 3908 uelle

924 3967 969 4019 per
980 3949 1139 4018 prudentium
1156 3950 1251 4016 rerum)
1266 3959 1290 4000 et
1303 3939 1435 3998 indicendis

922 4033 1008 4084 rebus.

956 4125 979 4170 6.
986 4117 1043 4166 bile.
1051 4118 1096 4168 ira.
1106 4101 1351 4183 Compiresllcsiud.
1358 4113 1436 4164 Gcntr·

922 4202 999 4252 Deur.
1009 4205 1041 4253 84)
1054 4217 1124 4270 seqq.
1133 4200 1205 4268 Virg.
1218 4201 1282 4252 Aen.
1294 4199 1316 4260 l,
1325 4207 1333 4248 4
1341 4201 1367 4247 49
1379 4210 1435 4258 seqq.

958 4291 982 4334 7.
999 4284 1113 4344 calidae,
1135 4281 1288 4346 aestuantis,
1306 4277 1435 4336 concitatae.

925 4365 983 4417 Fert
998 4371 1095 4418 artimus
1102 4405 1111 4430 ,
1127 4363 1207 4436 cupis.
