3078 5494
336 389 431 472 uolt
788 411 1015 472 tvvanaus

330 611 435 694 Ideni
460 610 610 686 habitus
636 613 802 702 cuncns,
826 613 927 691 tonsi
953 613 1124 714 rectique
1150 597 1300 716 capilli,

328 733 455 832 Atque
477 725 590 802 hodie
613 742 757 802 tantum
776 743 937 832 propter
957 729 1130 804 convivia
1150 732 1247 833 pexi.
1409 767 1459 816 m

328 846 492 922 Pastoris
511 843 599 918 duri
618 845 680 920 hic
699 860 755 919 est
773 841 892 932 lilius,
911 841 977 918 ille
996 841 1165 919 bubulci.

329 963 502 1067 Suspirat
519 959 636 1064 longo
656 987 735 1036 non
756 963 869 1038 visam
890 978 1061 1066 tempore
1081 979 1239 1036 matrem

329 1082 379 1152 Et
398 1076 562 1154 casulam
580 1094 620 1152 et
637 1095 748 1154 notos
767 1079 881 1152 tristis
899 1075 1090 1153 desiderat
1109 1077 1248 1154 haedos

327 1197 489 1298 Ingenui
515 1191 642 1271 vultus
669 1219 766 1298 puer
790 1195 1024 1303 ingenuique
1051 1192 1231 1298 pudoris,

327 1308 466 1404 Quales
494 1335 575 1384 csse
600 1309 729 1399 decet,
756 1336 852 1414 quos
879 1309 1015 1385 ardens
1042 1316 1217 1415 purpura
1243 1311 1376 1400 vestit3
1408 1351 1456 1398 ..ς

326 1428 406 1501 Nec
431 1425 637 1531 pugillares
664 1426 788 1502 defert
815 1433 856 1501 in
882 1425 1019 1504 balnea
1045 1453 1183 1502 raucus

326 1543 558 1634 Testiculos‚
584 1569 655 1620 nec
682 1543 873 1622 vellendas
900 1548 971 1619 iarn
998 1545 1176 1650 praebuit
1202 1543 1300 1634 alas,

324 1659 454 1732 Crasso
471 1682 542 1732 nec
563 1661 737 1764 opposito
757 1659 913 1765 pavidus
934 1664 1024 1764 tegit
1043 1663 1198 1762 inguina
1218 1675 1339 1763 gutte.

324 1773 395 1846 Hic
416 1772 483 1847 tibi
503 1775 590 1850 vina
610 1774 736 1865 dabit,
755 1776 890 1852 diflusa
908 1778 949 1850 in
966 1777 1156 1853 montibus
1176 1774 1267 1865 illis,

325 1891 516 1996 Aquibus
534 1893 614 1996 ipse
635 1895 760 1986 venit,
780 1921 946 1998 quorum
964 1893 1035 1970 sub
1055 1896 1193 1982 vertice
1214 1891 1324 1968 lusit:
1390 1931 1438 1980 ,ω

1532 1613 1535 1688 t

320 2131 395 2184 quum
409 2113 456 2164 erit
474 2117 501 2165 in
519 2130 613 2183 magno
634 2114 675 2165 70.
693 2115 734 2166 75.
754 2117 795 2166 76.
815 2115 856 2164 77.
908 2114 1044 2182 -ingenui
1066 2111 1147 2163 vultus
1164 2129 1224 2180 peter
1243 2121 1293 2166 eet.
1310 2111 1391 2181 (nlius
1412 2131 1441 2170 te
1533 2131 1535 2146 ’

321 2197 361 2246 82.
379 2212 429 2245 nou
448 2215 466 2246 a
483 2211 608 2263 mangone
630 2196 720 2262 petitus
740 2192 857 2262 Quisquis
908 2195 1014 2258 tertius,
1035 2193 1079 2262 qui
1098 2198 1158 2245 vinu
1174 2195 1246 2246 dabit
1258 2213 1285 2248 v.
1305 2197 1376 2263 459.)
1403 2197 1440 2250 lta

321 2283 368 2329 orit
380 2296 474 2348 magno
488 2282 513 2331 2.
527 2281 568 2328 24.
581 2281 623 2328 22.
632 2282 673 2329 24.
686 2283 699 2330 7
704 2282 727 2328 t.
742 2287 768 2328 et
781 2277 856 2328 XXV
907 2294 1011 2346 quoque
1024 2287 1075 2329 tres
1096 2287 1164 2329 certe
1181 2276 1359 2330 describentur
1370 2280 1440 2352 pueri

320 2359 397 2412 MSS.
419 2360 499 2413 Paris.
521 2370 548 2412 et
570 2359 605 2412 ita
622 2361 691 2432 conj.
714 2363 811 2412 Britan.
827 2369 856 2412 ut
906 2365 1011 2429 politam
1024 2361 1064 2412 cui
1076 2359 1161 2430 plures
1174 2360 1253 2414 fuisse
1265 2378 1297 2412 ex
1310 2379 1365 2416 vno
1380 2383 1437 2416 ene·

288 2493 291 2502 ,
318 2461 409 2496 sensus
425 2444 472 2497 sits
485 2442 638 2513 quicumque
650 2463 714 2514 puer
725 2444 788 2507 erit,
802 2463 856 2497 non
871 2471 874 2481 »
905 2446 952 2495 otis
965 2463 989 2495 v.
1003 2447 1059 2495 449.
1073 2442 1236 2513 intelligitur.

319 2528 370 2582 erit
390 2539 507 2600 acceptus
533 2539 559 2582 et
576 2539 660 2582 emtus
685 2549 699 2581 n
725 2548 854 2602 mangone
942 2533 999 2580 453.
1018 2531 1094 2579 tristis
1104 2540 1177 2580 ιιοιοε
1193 2533 1236 2583 24.
1321 2587 1325 2594 ,

319 2610 399 2664 divite
420 2625 445 2664 et
459 2632 584 2686 magnum
605 2631 738 2666 servorum
757 2633 850 2668 nunte·
939 2617 998 2665 ⁴56.
1047 2612 1340 2681 pupillares-tertiarios
1386 2622 1441 2669 vet.

318 2711 379 2748 rum
393 2694 513 2748 habente.
526 2693 617 2749 Malim
629 2715 765 2766 reponere:
781 2699 853 2768 Quis·
905 2694 990 2748 Schol.
1009 2695 1053 2764 qui
1071 2696 1269 2765 interpretatur:
1291 2695 1380 2767 qrsales
1392 2695 1440 2750 bn·

315 2784 442 2850 quamerit
456 2795 480 2832 et
488 2801 594 2860 maguus
604 2781 659 2834 scil.
672 2793 785 2849 statura,
799 2803 853 2838 non
904 2778 1014 2846 bembi,
1031 2781 1075 2852 qul
1088 2791 1174 2850 patret
1197 2799 1248 2834 non
1263 2781 1373 2847 habent,
1388 2783 1440 2836 sci·

315 2863 408 2931 pretio:
435 2881 498 2916 nam
523 2864 621 2932 proceri
651 2865 721 2918 servi
745 2867 853 2923 maioris
903 2862 965 2916 licet
988 2875 1117 2916 tumentes
1136 2863 1163 2917 in
1184 2863 1287 2918 licentia
1303 2867 1440 2935 pueritiae.

226 2989 227 2992 ,
316 2962 394 3012 quam
409 2945 481 3014 parvi
495 2945 705 3000 aestimabantur.
721 2967 747 3001 v.
761 2949 792 3002 ad
806 2953 850 3014 lll,
903 2946 941 2998 lta
971 2945 1076 2998 indubie
1101 2945 1241 3019 legendum
1257 2947 1379 3018 ¹putabet
1407 2951 1440 3002 C.

316 3031 374 3080 240.
395 3029 423 3080 in
440 3030 656 3101 Coum-poscis
675 3038 715 3086 to.
731 3038 771 3085 42.
788 3038 851 3085 44-
903 3025 1036 3092 Valesius,
1054 3029 1113 3099 quin
1132 3031 1205 3101 pugil
1221 3033 1331 3099 primam
1356 3029 1439 3103 sylla·

319 3117 328 3161 t
334 3117 357 3163 7.
375 3115 483 3165 itt-27.
501 3118 613 3167 45-50.
625 3121 665 3168 54.
681 3121 723 3169 55.
741 3123 850 3172 57-09,
901 3113 962 3168 batn
975 3115 1107 3186 corripiet,
1122 3125 1149 3167 et
1160 3116 1301 3184 exponebat
1312 3116 1440 3186 pueriles,

210 3223 213 3228 ·
316 3197 414 3247 74.72.
428 3199 469 3249 73.
901 3199 1038 3254 iuveniles.
1079 3200 1131 3253 Sed
1163 3199 1212 3253 boe
1241 3219 1318 3254 sensu
1345 3220 1450 3256 rooern.

349 3280 407 3330 440.
421 3282 541 3350 erectique
557 3283 597 3332 42.
612 3287 640 3334 64
649 3288 710 3336 .62.
726 3289 766 3338 63.
783 3289 849 3339 67-
900 3281 986 3354 legere
1004 3283 1074 3336 haud
1091 3283 1216 3350 memini,
1235 3284 1356 3354 etprima
1373 3284 1438 3357 syll.
1533 3287 1535 3332 'f

314 3363 355 3414 69.
369 3368 478 3416 74-74,
495 3367 600 3434 testique
611 3373 652 3421 47.
665 3371 704 3421 48.
721 3373 761 3421 64.
777 3371 849 3422 recti·
900 3387 958 3421 voc.
970 3369 1044 3438 pugil
1056 3383 1148 3436 anceps
1161 3367 1360 3420 suissevidetur.
1375 3369 1440 3422 Pro-

312 3443 398 3512 quein
411 3449 503 3500 ceteris
517 3455 542 3498 et
553 3456 577 3501 t.
900 3449 974 3504 duxit
986 3469 1044 3502 earn
1057 3449 1181 3504 etCatull.
1195 3453 1274 3514 XLll,
1289 3458 1439 3506 s-mwi

349 3537 405 3585 454.
427 3531 467 3583 lu‘e
488 3546 524 3584 est
539 3553 587 3604 pro
601 3545 638 3588 eet
658 3533 700 3587 bio
716 3537 802 3608 recepi
816 3555 847 3590 ex
901 3541 941 3588 46.
954 3535 1059 3586 &ww
1075 3551 1128 3585 ¹²⁰ss
1141 3533 1263 3588 11141458·
1288 3543 1329 3590 77-
1343 3535 1439 3605 probb·

314 3615 355 3664 40.
378 3622 419 3666 44.
445 3620 541 3670 tuto.
563 3625 602 3672 47.
628 3623 670 3672 20.
687 3623 730 3672 22.
751 3622 849 3674 Versus
898 3615 1017 3680 Golden,
1037 3616 1133 3670 Lubin.
1150 3628 1177 3671 et
1196 3617 1307 3672 Farnnb.
1333 3619 1378 3672 Sic
1394 3637 1436 3689 ep.
1533 3641 1534 3646 ¹

313 3701 457 3753 tot-tot.
480 3698 558 3772 vulgo
585 3701 617 3755 ad
641 3704 735 3756 bubulci
755 3706 847 3776 filium
897 3698 1002 3755 martial
1015 3701 1035 3767 l,
1048 3707 1090 3764 tt,
1106 3708 1132 3754 44
1148 3717 1220 3773 seqq,
1235 3702 1299 3754 Vna
1309 3703 1435 3768 lwanmrf
1533 3711 1534 3724 ¹

310 3780 476 3833 reseruntur.
502 3785 573 3837 unde
604 3785 714 3839 editores
744 3798 846 3842 tanturn
897 3787 1005 3856 adspicit
1028 3786 1092 3838 nibil
1119 3805 1229 3850 mm}
1260 3783 1313 3840 *Η
1339 3801 1435 3858 ῬΜ

310 3881 364 3916 non
372 3883 463 3920 ornnes
475 3867 550 3921 colon
564 3889 670 3939 postrere
684 3882 740 3940 post
753 3873 846 3938 bubulci
896 3874 973 3924 oculis
984 3871 1156 3924 devorantibns
1167 3873 1290 3938 dranceos,
1302 3870 1361 3927 Neo
1371 3876 1434 3928 otio·

309 3957 336 3999 et
352 3945 445 4003 haedos
469 3969 496 4003 v.
516 3957 574 4006 453.
593 3953 740 4006 Henuinius
759 3963 845 4008 nutem
894 3961 931 4010 sis
947 3959 1068 4010 mentulas
1081 3959 1151 4011 vider
1166 3958 1253 4010 labris.

310 4029 506 4088 distinctionem
531 4048 589 4106 post
604 4039 700 4091 bubulci
712 4037 788 4112 plane
798 4059 844 4093 su-
932 4047 989 4095 457.
1005 4043 1127 4096 velundae
1156 4049 1199 4097 45.
1212 4041 1348 4117 jeilondas
1362 4045 1432 4113 conj.

308 4112 382 4168 stulti
389 4154 399 4179 ,
418 4126 445 4171 et
463 4129 519 4188 post
531 4120 624 4174 baedos
639 4133 764 4192 punctum
778 4122 842 4176 sub·
895 4125 1024 4182 nonnulli.

308 4196 391 4252 stituit
409 4219 456 4269 pro
479 4201 546 4256 colo.
583 4195 633 4257 Sed
659 4207 753 4258 bubulci
765 4207 843 4278 filius
931 4215 988 4264 458.
1003 4209 1079 4264 Cossa
1090 4214 1329 4282 tn-appesteotu
1339 4209 1430 4266 Crasse

308 4279 387 4334 boves
403 4283 501 4354 potius,
524 4305 578 4340 non
592 4287 687 4342 buedm
703 4303 774 4342 reatin
792 4297 839 4344 tri-
894 4311 939 4346 neo
966 4299 1079 4366 apposito
1104 4296 1210 4365 pauidus
1235 4307 1301 4350 tutet
1322 4297 1430 4368 inguina

306 4369 349 4418 etis
361 4367 525 4423 desiderabit:
543 4385 569 4426 et
592 4374 676 4428 oratio
691 4375 734 4427 liet
748 4375 840 4430 tersior
891 4391 962 4446 guno
984 4377 1087 4432 emend.
1115 4381 1204 4436 Heius.
1225 4380 1257 4434 ed
1277 4381 1357 4435 Ovid.
1379 4381 1427 4453 Ep.

304 4449 472 4521 molliorque,
482 4453 632 4512 siiunxerist
644 4454 839 4530 Stupieutbnffi
889 4463 951 4526 Iler!
964 4463 1020 4532 l'll,
1039 4463 1097 4520 400.
