3028 5492
234 479 242 494 .
285 411 465 507 cxxxiv
601 440 868 504 anevxrxra
892 441 1139 503 sarraaavn

286 585 389 799 -b-olrld
416 631 575 710 Persicum
605 643 740 709 amioum
761 663 905 707 annm..-
924 642 973 708 De
1000 639 1154 726 eaperflno
1182 648 1329 727 apparato
1359 640 1410 706 ei-

327 757 409 801 rnna.

714 945 886 1028 sarman
904 945 978 1010 xx.

324 1131 436 1212 Augaia
466 1131 541 1193 haee
571 1106 673 1194 avidos
701 1130 831 1194 nimiam
850 1129 1041 1214 nimiumque
1059 1147 1195 1212 rapeoee.
1215 1157 1247 1172 -
1268 1129 1409 1192 Heredi-

226 1283 227 1287 ,
282 1232 381 1306 peteo.
401 1252 434 1266 -
454 1223 570 1288 Contra
600 1225 801 1308 heredipetas.
820 1259 861 1276 -
881 1226 929 1287 De
948 1225 1049 1288 redito
1079 1222 1205 1286 Catulli.
1222 1249 1258 1265 ·-
1279 1223 1326 1288 De
1346 1244 1407 1286 re-

233 1319 236 1328 “
283 1317 352 1382 ‹litn
371 1319 483 1383 Catulli
503 1319 541 1382 erl
561 1319 741 1386 Corvinum.
760 1357 792 1370 -
813 1321 850 1382 la
871 1320 975 1385 evidoe
998 1327 1180 1402 etrapaoee.

573 1628 575 1632 .
697 1530 973 1596 sanemur.
1080 1511 1086 1522 '

322 1713 414 1778 Mene
442 1711 563 1778 ornoiat
583 1731 693 1796 pravoe
712 1710 782 1786 (ite
802 1731 862 1794 pro
880 1707 962 1793 vulg.
981 1711 1073 1772 Mora
1090 1711 1206 1773 meiat
1221 1729 1333 1794 prome
1350 1710 1405 1772 le·

285 1809 371 1893 gitur
389 1809 422 1871 in
445 1826 493 1889 eq.
512 1825 563 1889 ²7·
581 1805 623 1868 nl.
641 1816 674 1870 et
691 1806 735 1869 eie
754 1805 815 1867 iem
841 1813 1019 1868 correxerat
1049 1803 1136 1889 up.
1153 1805 1248 1891 Epist.
1279 1807 1407 1886 Qaaeet.

282 1904 348 1982 Ν,
371 1902 606 1986 15.),ropiene
626 1902 690 1964 fert
706 1900 816 1963 damna
836 1900 983 1963 modeste.
1002 1927 1036 1942 ·-
1057 1899 1180 1966 Scelere
1199 1900 1322 1963 tandem
1340 1922 1407 1985 pn-

281 1995 360 2060 nita.
377 2029 413 2046 -
432 1995 483 2058 De
502 1993 661 2057 fraudibus
680 1993 718 2055 ad
739 1993 922 2068 Gabiniam,
955 1991 1041 2056 eninr
1068 1993 1185 2056 amicus
1203 1994 1406 2076 abnegaverat

280 2089 463 2174 depositum.
483 2120 517 2134 -
537 2090 574 2153 In
603 2088 866 2152 fraudulentoe··-
885 2088 932 2152 Ad
960 2088 1150 2169 Calvinum,
1178 2098 1287 2154 contre
1315 2089 1404 2165 illos,

281 2181 337 2266 qai
355 2181 395 2248 de
413 2181 574 2247 amierione
593 2182 807 2270 temporalium
826 2183 918 2246 nimia
935 2181 1051 2248 dolent.

704 2381 880 2458 sarman
899 2390 982 2456 xrv.
1040 2346 1043 2355 ’

321 2567 381 2632 ilie
404 2565 497 2634 dooot
528 2569 674 2654 example
704 2579 793 2634 nator
827 2571 905 2634 mele
934 2573 997 2636 vita
1026 2580 1200 2655 parentam.
1232 2601 1264 2616 ·-
1283 2571 1403 2634 lmhnit

283 2661 431 2745 exemplis
451 2671 537 2727 nator
563 2665 643 2736 mala
669 2666 731 2730 vite
758 2677 932 2749 parentam.
952 2702 985 2715 -
1005 2667 1055 2730 Ad
1074 2666 1251 2729 Fueoinum.
1271 2698 1304 2712 -
1323 2669 1403 2718 ΠΕΡΙ

280 2761 459 2814 ΑΝΔΙὮΓΩΝ
477 2763 563 2812 ΠΡΟΣ
576 2762 775 2814 remmon.
790 2763 803 2829 (
817 2761 1002 2814 ooxzxfllox
1022 2763 1055 2824 in
1076 2762 1143 2825 Lat,
1161 2766 1218 2826 Ex,
1238 2760 1318 2824 ffiffi,
1335 2769 1350 2837 )
1368 2789 1403 2802 -

278 2855 329 2916 De
358 2854 659 2918 institutionibne-
678 2858 845 2920 Parentum
879 2858 1028 2942 exempla.
1047 2885 1082 2900 -·
1101 2859 1216 2923 Contra
1236 2854 1330 2937 illoe,
1349 2855 1404 2939 qni

252 2992 256 3001 -
280 2946 358 3010 lilios
377 2947 480 3033 pravis
499 2950 661 3013 instituunt
679 2949 881 3013 denumeratio.
955 3011 962 3024 ,

713 3157 883 3221 strutar
903 3157 975 3220 XV.

318 3358 450 3425 obtinet
481 3358 638 3443 Aegypton
669 3377 827 3441 pervenre
858 3358 951 3442 impia
985 3358 1072 3422 ritae.
1093 3386 1128 3404 -·
1147 3360 1299 3424 immorer
1325 3360 1402 3424 riona

277 3455 446 3539 Aegyptius
466 3453 566 3516 incola
587 3452 714 3528 suadet,
736 3453 775 3514 al.
795 3455 927 3538 Aegypti
947 3453 1047 3516 incola
1059 3463 1168 3521 servae
1180 3481 1214 3498 -·
1228 3456 1403 3539 Religioeee

276 3551 468 3636 peregrinae.
486 3575 521 3592 -
540 3547 593 3612 Da
607 3548 829 3630 superstitione.
841 3578 875 3590 -
895 3549 1223 3632 Desuperetitionibur
1236 3551 1401 3634 Aegyptio·

276 3665 402 3706 rnrn-
423 3643 472 3709 De
493 3641 689 3725 religionibua
722 3642 863 3725 Aegypti.
885 3673 919 3688 -
938 3641 988 3705 Ad
1007 3641 1169 3708 Volueiuna
1192 3644 1402 3726 Bithyniam.

276 3767 309 3782 ···
329 3737 379 3801 De
398 3733 472 3798 falsa
489 3737 633 3802 Deorum
652 3733 772 3799 oultnra
791 3746 824 3802 et
843 3736 961 3799 nefario
987 3736 1071 3800 ricta
1090 3739 1319 3821 Aegyptiorum.

694 3942 870 4011 saxlltxlt
892 3943 972 4007 XVI.

314 4141 441 4204 Militiae
473 4160 574 4204 morer
594 4151 627 4204 et
646 4140 809 4204 commoda
841 4119 950 4224 me'gna
971 4139 1086 4220 ridete,
1108 4164 1130 4206 r.
1153 4139 1398 4207 dinumerantur·

272 4265 306 4278 ···
327 4235 457 4300 Militiae
483 4235 652 4320 privilegia.
671 4265 706 4278 -
726 4236 775 4298 De
793 4233 939 4299 felicitate
968 4236 1110 4299 rnilitum.
1130 4263 1165 4280 -
1185 4241 1233 4305 De
1254 4249 1395 4304 contren-
1439 4319 1445 4332 .

272 4329 364 4398 aibne·
383 4357 418 4373 ··
440 4331 487 4396 xd
509 4329 632 4396 Gallum
653 4329 692 4398 de
714 4329 832 4394 militia.
854 4355 887 4370 -
906 4331 955 4396 De
975 4331 1129 4396 militibus»
