3120 5494
326 405 419 529 392

703 485 707 492 ,
810 434 945 496 l‘EllSll

320 633 380 710 Ad
390 632 573 738 populum
584 629 774 736 phaleras!
800 657 871 734 ego
882 647 918 706 ta
934 635 1036 706 intus
1050 645 1089 704 et
1099 633 1235 706 incute
1250 633 1350 708 nori.
1400 667 1435 716 3„

320 753 407 826 Non
425 749 543 854 pudet
561 749 610 822 ad
628 775 772 824 morem
791 747 964 822 discincti
981 750 1106 824 vivere
1120 750 1282 822 Nattae?

320 867 394 943 Sed
413 885 538 972 stupet
555 869 615 942 hic
636 869 747 956 vitio,
768 881 806 938 et
824 863 926 941 fibris
946 867 1104 940 increvit
1121 869 1290 967 opimum

320 988 485 1089 Pingue:
505 1002 610 1058 caret
628 982 741 1086 culpa
757 1010 766 1058 ι
787 983 917 1071 nescit,
935 979 1029 1081 quid
1049 979 1204 1083 perdat:
1225 997 1262 1054 et
1281 979 1359 1056 altu

319 1105 538 1191 Demersus,
558 1127 700 1176 summa
717 1125 796 1174 non
816 1123 945 1174 rursus
965 1095 1077 1172 bullit
1097 1099 1138 1170 in
1157 1095 1269 1172 undu.

370 1221 506 1320 Magne
527 1234 635 1321 puter·
652 1215 793 1292 divum!
819 1239 945 1291 saevos
966 1213 1104 1315 punire
1124 1229 1305 1316 tyrannos
1403 1249 1439 1296 35

353 1386 394 1434 ³0.
410 1382 457 1435 Aa
469 1383 584 1452 populum
598 1381 714 1452 phaleras
726 1397 761 1432 sc.
774 1380 852 1444 refer,

319 1483 364 1518 ssu
387 1465 518 1536 pertinere
539 1475 635 1535 putato.
653 1464 772 1533 phalerae
789 1479 848 1532 pro·

319 1545 376 1619 prie
400 1565 531 1619 equorum
548 1557 699 1600 ornamenta
719 1545 853 1613 (luvenal.

319 1632 364 1698 Xl,
390 1635 466 1699 t03.)
497 1629 590 1684 deinde
614 1648 662 1700 pro
689 1645 852 1699 quocumque

319 1712 464 1765 ornamenti
481 1729 574 1783 genere
588 1719 732 1782 pourrutur,
744 1721 773 1764 ιιι
784 1709 849 1779 apud

318 1796 422 1849 Petrou.
437 1803 478 1850 55.
497 1796 533 1849 ibi
547 1796 604 1867 lege
617 1797 731 1866 interpp.
749 1793 846 1846 lntelli·

318 1879 403 1950 gends
433 1891 519 1934 autem
545 1899 592 1952 per
616 1881 731 1950 phaleras
761 1879 850 1931 omnia

316 1964 516 2034 eorporisbons,
527 1973 651 2036 quatenus
658 1964 774 2016 fortuum
782 1961 850 2014 dona

317 2065 372 2098 nun
391 2049 491 2100 virtutis
504 2045 616 2117 praemis
627 2057 694 2101 sunt.
708 2050 780 2115 Quae
793 2048 849 2116 qui·

318 2128 379 2181 dem
406 2128 493 2181 oculos
515 2128 693 2199 perstringunt
714 2129 848 2197 imperitae

318 2207 412 2278 plebis,
431 2211 573 2279 sapientem
588 2227 649 2261 vero
666 2227 718 2263 nou
744 2217 848 2280 possunt

316 2309 482 2345 commovere
500 2293 579 2358 adeo,
599 2293 672 2346 utin
692 2309 754 2346 uero
767 2293 848 2362 pretio

317 2373 418 2427 domini
430 2376 564 2428 metuendo
579 2376 689 2430 falletur.
706 2383 772 2430 iuius
784 2389 807 2430 et
820 2381 848 2429 ies

317 2470 370 2510 eote
383 2457 554 2526 pleonasmus.
575 2459 780 2513 Sensusriutirni
794 2466 847 2515 ani·

317 2541 354 2592 mi
376 2541 413 2594 tui
433 2559 545 2600 recessus
566 2545 632 2596 mihi
645 2555 746 2616 patent;
769 2547 843 2618 ingo·

316 2623 391 2677 nium
403 2635 478 2679 trnrm
494 2627 561 2680 bene
575 2631 644 2683 novi.
661 2632 751 2682 Senec.
766 2633 846 2700 Epist.

318 2713 357 2760 ⁵6.
369 2721 411 2762 aut
422 2714 528 2779 sortasse
541 2714 617 2766 voluit
629 2713 675 2766 leuc
687 2719 766 2782 iprum
778 2720 847 2770 uobis

316 2793 442 2843 ostnrdere
462 2790 619 2863 (Cim-anus)
635 2813 708 2866 posse
719 2799 846 2868 ingenium

312 2875 478 2944 fortissimum
498 2897 529 2929 oc
540 2879 703 2933 beatissimum
719 2885 761 2934 sul
787 2903 847 2954 qua·

315 2955 375 3008 lites
391 2971 444 3011 uate
459 2959 545 3015 lutere.

349 3046 458 3094 34-34,
482 3045 574 3098 Nonne
601 3057 626 3100 te
653 3049 733 3116 pudet
758 3049 846 3104 vivere

315 3131 346 3176 ιιι
354 3122 536 3180 abiectissimus
545 3139 571 3182 et
581 3129 767 3198 perditissimus
777 3137 845 3205 quis·

316 3227 376 3278 que,
390 3211 436 3280 qssi
449 3211 480 3264 sd
495 3231 600 3266 omnem
617 3217 716 3270 virtutis
729 3228 756 3271 et
768 3217 847 3288 hune

316 3297 387 3346 statis
400 3311 504 3347 sensum
518 3295 648 3352 obduruit.

350 3386 391 3431 st.
407 3379 522 3433 discincti
534 3380 636 3436 Nouae.
654 3383 736 3438 Natta
748 3401 844 3458 cogno·

316 3477 377 3514 rnen
394 3471 448 3514 erat
476 3465 646 3520 Pinariorum.
671 3471 753 3524 Tacit.
778 3475 846 3525 Anu.

314 3545 360 3609 Π,
387 3551 429 3600 24.
443 3548 559 3602 Fortasse
579 3553 660 3604 servis
673 3553 781 3620 pulslicis
798 3557 844 3622 iis,

314 3627 409 3697 quibus
421 3647 506 3694 uere,
520 3651 583 3702 quoe
593 3636 698 3688 Pinariis
707 3638 755 3690 sub
763 3640 845 3691 Esau-

307 3711 363 3764 ’διο
386 3715 497 3768 curanda
522 3729 610 3784 erant,
639 3732 726 3791 postes
745 3723 847 3779 abillis

314 3792 468 3850 demandata
479 3810 554 3866 suut,
568 3802 617 3855 hoe
630 3823 774 3875 cognomen
785 3805 844 3862 hae-

313 3877 355 3930 sit.
380 3881 467 3933 Potest
484 3893 571 3936 autem
588 3904 685 3940 nornen
699 3907 753 3942 esse
762 3888 846 3944 tomi-

316 3962 358 4014 nis
370 3981 400 4014 ex
413 3965 503 4020 infima
520 3967 601 4038 plebis
611 3973 698 4036 laese,
714 3974 779 4032 sitae
793 3995 846 4028 sor·

314 4045 389 4100 itibus
406 4059 545 4106 struprum
558 4057 720 4126 turpitudine
732 4061 843 4114 insumis.

313 4128 441 4198 disoiued,
458 4134 584 4190 dissoluti.

348 4217 390 4265 32.
403 4227 480 4285 stupet
498 4217 540 4270 Ιιιό
562 4225 630 4274 uitio.
647 4241 752 4276 sensum
764 4227 840 4278 vitio·

313 4311 372 4344 rum
397 4295 472 4349 habet
497 4300 605 4356 nullum.
634 4306 712 4361 Ouid.
739 4310 842 4362 Heroid.

314 4376 383 4440 Vlll,
401 4389 458 4431 4ιι.
472 4396 496 4433 et
510 4383 586 4454 fibris
610 4391 713 4442 increvit
735 4396 843 4460 opinusm

902 1380 1002 1445 pingue.
1029 1375 1147 1428 Dicimus
1163 1376 1195 1429 de
1209 1375 1316 1430 homine
1326 1376 1439 1446 stupido:

901 1459 957 1518 aius
970 1463 1058 1514 animo
1070 1458 1166 1512 cellum
1183 1478 1237 1512 esse
1248 1459 1408 1522 obductum,
1422 1479 1438 1512 a

900 1541 1072 1596 similitudine
1086 1545 1147 1596 satis
1160 1554 1238 1610 nota3
1256 1561 1302 1612 pro
1315 1545 1384 1596 callo
1396 1543 1437 1600 hit

900 1637 939 1682 est
955 1633 1065 1698 opimtvn
1086 1630 1179 1698 pingue
1192 1649 1238 1698 pro
1260 1628 1434 1700 pinguedine,

900 1728 964 1780 quse
978 1728 1083 1764 sensum
1098 1710 1199 1764 adimit.
1207 1712 1297 1782 fiis-rs,
1310 1713 1435 1764 libramus

900 1794 1069 1848 corvinorum
1093 1794 1201 1849 ramulis
1213 1813 1259 1848 seu
1275 1795 1381 1866 papillis
1391 1815 1437 1868 per

899 1893 991 1932 ornnes
1017 1880 1131 1946 corporis
1157 1889 1243 1948 partes
1270 1881 1433 1949 propagatis,

900 1979 1009 2031 quarum
1034 1981 1083 2034 ope
1103 1963 1238 2016 sentimus.
1266 1963 1435 2018 Transferen·

899 2044 963 2096 dum
977 2043 1004 2098 id
1025 2045 1053 2099 h.
1071 2043 1150 2114 l.,est
1167 2045 1199 2098 ad
1212 2045 1331 2099 animum
1349 2047 1432 2116 stupi·

899 2125 980 2192 dum,
999 2129 1044 2198 qui
1063 2147 1149 2199 neque
1168 2129 1292 2181 vitiorum
1312 2128 1438 2186 foeditate

897 2220 1032 2274 movetur,
1051 2229 1135 2282 neque
1154 2211 1275 2264 adiicitur
1288 2211 1461 2282 potentino-⁸

898 2291 959 2345 dine
982 2295 1100 2360 virtutis,
1124 2295 1168 2365 qui
1185 2307 1305 2350 usturam
1331 2297 1438 2360 boniet

897 2374 959 2428 mali
972 2375 1048 2447 plane
1066 2378 1183 2449 ignors15
1205 2379 1314 2449 proinde
1334 2391 1438 2450 poterat

897 2461 991 2516 deistu
1006 2463 1055 2516 dici

931 2551 972 2598 33.
999 2547 1074 2601 Cares
1100 2549 1173 2618 ordpu
1194 2549 1320 2618 (luvensl
1345 2551 1379 2613 ΙΙ,
1406 2556 1438 2602 ts

896 2634 987 2698 seqq.)
1008 2631 1024 2682 i.
1042 2650 1066 2683 e.
1085 2630 1197 2701 inputari
1219 2633 1242 2684 ei
1260 2633 1326 2686 nihil
1341 2643 1433 2703 potest

895 2718 985 2774 nescit,
1004 2715 1065 2783 quid
1074 2716 1178 2783 perdat,
1195 2715 1280 2786 simpl.
1295 2737 1357 2788 pro:
1373 2717 1451 2770 uri-⁸·

895 2813 981 2848 seram
990 2815 1064 2850 suarn
1078 2799 1252 2854 conditionem
1267 2801 1379 2872 ignorat.

931 2887 971 2932 34.
985 2881 1037 2934 alto
1051 2885 1190 2938 Demersus.
1212 2888 1267 2965 lete·
1279 2888 1363 2940 horno
1377 2905 1440 2956 pes·-
1454 2927 1457 2934 ι

895 2963 965 3017 ditus
995 2985 1107 3038 suaeque
1133 2969 1287 3034 conditionis
1319 2972 1439 3026 miserae

895 3049 1001 3117 ignarus
1028 3062 1190 3120 eomparatur
1216 3071 1278 3106 curn
1306 3073 1357 3118 eo,
1390 3056 1441 3127 qui
1531 3117 1532 3122 ,

896 3147 959 3200 aque
969 3131 1102 3186 demersus
1115 3137 1221 3188 onrnesn
1237 3137 1311 3207 plane
1329 3157 1442 3192 sensum
1531 3161 1532 3210 ι

897 3215 991 3272 aurisii.
1017 3219 1101 3282 bullit,
1127 3219 1210 3273 bullas
1236 3221 1298 3276 lacit
1317 3223 1443 3276 iactando
1531 3213 1532 3262 l

897 3299 976 3369 pedes
990 3311 1016 3353 et
1030 3321 1137 3368 monus,
1160 3313 1189 3355 ut
1204 3304 1229 3358 iu
1247 3323 1329 3373 aquae
1345 3326 1440 3376 super·

897 3385 956 3440 licie
981 3405 1008 3440 se
1024 3389 1158 3443 sustineat.
1192 3393 1300 3442 Remota
1324 3391 1444 3462 imagine

896 3489 989 3526 sensus
1015 3471 1056 3526 bic
1080 3485 1133 3526 ests
1151 3486 1221 3528 totus
1238 3477 1308 3530 vitiis
1332 3477 1445 3530 deditus

897 3576 944 3610 seu
966 3558 1091 3614 vitiorum
1110 3559 1265 3631 mancipium
1287 3565 1345 3616 sine
1363 3565 1444 3616 omni

894 3661 954 3696 curs
974 3654 999 3696 et
1026 3643 1262 3710 sensotitseuuis,
1283 3667 1334 3716 ipra
1355 3667 1441 3702 nurn-

897 3745 973 3795 qusm
987 3747 1048 3782 usus
1056 3741 1103 3784 est.
1114 3733 1138 3782 ls
1149 3750 1241 3802 nempe
1248 3771 1256 3796 ‚
1267 3733 1313 3801 qui
1325 3735 1445 3787 omnino

894 3811 993 3875 nescit,
1012 3812 1075 3882 quid
1102 3812 1204 3868 intersit
1230 3817 1298 3869 iuter
1325 3817 1389 3870 vitia
1411 3831 1445 3870 et

895 3892 1071 3959 honestatem,
1093 3915 1146 3950 non
1168 3911 1241 3954 curet
1268 3919 1375 3970 quoque
1405 3923 1441 3955 ex

896 3977 989 4029 misero
1000 3997 1045 4030 sua
1063 3980 1211 4035 conditione
1223 4001 1367 4053 emergere.

892 4117 895 4124 ,
930 4067 1036 4116 35-43.
1056 4063 1147 4128 Ratio,
1161 4067 1446 4137 qrraNostersequen·

894 4146 928 4196 tia
943 4146 1082 4215 expressit,
1097 4149 1172 4212 lucit,
1186 4161 1215 4204 ιιι
1229 4169 1310 4220 paene
1324 4157 1442 4215 nutias,

894 4231 1119 4300 quemadmodum
1134 4233 1197 4288 hoec
1211 4254 1271 4290 cum
1287 4239 1437 4308 superiori-
1531 4227 1532 4258 ³

895 4312 943 4364 ltus
960 4314 1121 4369 colruereant.
1146 4321 1245 4378 Verum
1269 4320 1290 4372 si
1304 4339 1352 4386 ea,
1368 4341 1442 4391 quae

894 4396 992 4465 prolata
1006 4410 1065 4452 sunt
1075 4419 1087 4454 a
1097 4407 1180 4469 putta,
1189 4403 1304 4474 pedestri
1315 4409 1443 4460 oratione
