3098 5498
543 394 775 516 smmn
1139 410 1225 504 1OE

103 638 237 714 Finem
257 639 414 728 animae,
431 663 531 741 quae
548 663 611 714 res
626 638 808 716 humanas
828 641 976 718 miscuit
995 641 1108 736 olim,

104 757 194 832 Nou
212 752 350 859 gladii,
369 780 449 828 non
466 779 554 829 saxu
572 753 720 829 dabunt
737 756 924 850 nectale,
944 757 1010 834 sed
1027 757 1094 835 ille

104 875 324 950 &unarum
340 869 479 966 vindex
498 895 542 945 44
562 873 659 946 tanti
678 873 870 976 sanguinis
887 871 1014 965 ultor,
1179 915 1229 966 453

103 983 294 1060 Annulus.
313 986 354 1078 1,
372 984 551 1079 demens,
570 1001 610 1061 et
626 1009 752 1065 saevas
771 1013 882 1062 eurre
899 1015 972 1094 per.
989 987 1126 1095 Alpesa

8 1131 9 1134 ¹
103 1103 159 1177 Vt
178 1102 309 1206 pueris
326 1099 476 1205 placeas
493 1118 534 1176 et
557 1099 783 1178 declamatio
799 1101 893 1186 fissi

155 1217 265 1292 Vnus
283 1214 436 1291 Pellaeo
455 1217 583 1297 iurent
600 1243 680 1292 non
692 1219 827 1314 suffieit
843 1215 946 1294 orbis
962 1245 974 1292 :

105 1333 263 1408 Aestuat
279 1331 415 1409 infelix
430 1351 591 1437 angusto
608 1331 727 1411 limite
745 1333 904 1428 mundi,

104 1453 160 1524 Vt
178 1451 331 1554 Gyarae
350 1448 498 1527 clausus
517 1449 682 1555 scopulis
700 1474 894 1556 parvoque
913 1449 1086 1556 Seripho.
1175 1489 1227 1542 tro

106 1568 237 1662 Quum
254 1583 381 1641 tamen
400 1594 421 1640 4
439 1564 562 1670 figulis
580 1570 764 1642 munitam
780 1569 979 1646 intraverit
995 1565 1151 1661 urbem,

101 1683 352 1787 sarcophago
372 1697 573 1758 contentus
593 1682 682 1758 erit!
708 1683 812 1760 Mors
831 1679 912 1760 sola
929 1679 1097 1775 fatetur,

101 1797 299 1894 Quantula
317 1801 393 1874 sint
412 1799 608 1874 hominum
625 1797 864 1904 corpuscula.
886 1797 1066 1875 Creditur
1084 1795 1176 1874 olim

100 1913 322 1990 velificatus
340 1915 483 2010 Athos,
502 1932 541 1990 et
559 1915 749 2019 quidquid
768 1917 927 1990 Graecia
944 1913 1107 1992 mendax

102 2027 230 2114 Audet
246 2032 288 2104 iu
306 2029 483 2106 historia:
503 2047 738 2110 constratum
752 2027 934 2108 elassibus
954 2028 1074 2108 isdem
1177 2064 1226 2113 ης

102 2149 537 2254 Suppositumque'rotis
554 2147 717 2224 solidum
735 2171 863 2223 mare:
883 2145 1072 2242 credimus
1093 2143 1187 2224 altos

101 2264 293 2342 Defeeisse
310 2290 436 2340 amnes
456 2281 646 2366 epotaque
662 2262 821 2339 flumina
840 2261 956 2339 Medo

102 2379 342 2472 Prandente,
362 2398 401 2456 et
421 2377 577 2456 madidis
597 2397 724 2455 cantat
741 2405 840 2483 quae
858 2379 1050 2454 Sostratus
1067 2377 1147 2453 alis.

104 2493 179 2570 llle
196 2511 321 2570 tamen
339 2493 462 2600 qualis
481 2495 594 2571 rediit
611 2495 797 2572 Salamine
817 2493 970 2587 relicta,

102 2693 300 2764 Hannibalem)
335 2696 419 2763 multo
447 2695 641 2752 convenientius
724 2697 917 2750 teutrrtimtm
934 2700 976 2748 74.

104 2789 154 2833 ⁰¹·
725 2786 784 2834 470.
799 2778 920 2833 Otto-arae
941 2785 981 2833 46.
999 2777 1074 2832 ciart
1094 2782 1122 2830 44
1138 2777 1224 2846 Gyuti

139 2867 198 2916 464.
215 2881 266 2918 mu
284 2865 335 2918 4444
354 2869 515 2918 todi-⁴8.
531 2869 642 2919 20-27.
690 2867 732 2916 40.
748 2859 1109 2930 6400444044444440444.
1125 2861 1223 2922 uecta,
1268 2907 1270 2912 .

99 2949 217 3000 45-47.
236 2951 279 3000 4⁹.
298 2951 340 3000 50.
353 2952 462 3002 54-50.
483 2950 594 3002 60-69.
607 2951 637 3001 74
688 2943 788 3012 opinor.
799 2941 888 3008 Gran
901 2951 969 2995 44444
983 2959 1036 2994 nou
1048 2939 1098 2992 uisi
1115 2938 1142 2993 14.
1151 2937 1169 2992 l.
1183 2937 1225 2991 di-

101 3033 183 3082 -74,
688 3027 756 3080 citur
778 3024 878 3089 insuia,
907 3036 934 3078 et
961 3025 1045 3099 Gyuri
1068 3025 1155 3093 sup.1‚
1181 3029 1225 3078 ⁷3.

138 3115 202 3164 465.
220 3131 252 3164 uo
270 3115 335 3166 44444·
353 3130 399 3182 pro
418 3123 442 3166 44
456 3117 520 3165 444444·
533 3129 639 3168 revoca·
690 3109 753 3164 aiibi
779 3126 881 3179 semper
901 3108 1013 3186 Γύαρος,
1041 3109 1150 3177 Gratus.
1172 3107 1226 3160 Sed

101 3194 192 3248 vimus
210 3212 243 3248 ex
261 3199 303 3250 75.
325 3200 485 3250 tut-⁴⁷.
497 3202 538 3250 49.
549 3202 642 3252 5054.
690 3199 797 3248 nomina
805 3193 961 3265 oppidorum
970 3193 1072 3248 sanant
1081 3203 1108 3247 44
1120 3191 1156 3246 ἱ44
1164 3211 1226 3263 quo-

103 3283 148 3331 55.
165 3283 209 3332 57.
230 3283 270 3332 50.
288 3283 397 3334 60-63.
415 3285 642 3334 65-69.74-73.
690 3297 742 3350 que
761 3277 885 3332 4444444404
905 3287 972 3332 esset
997 3276 1074 3330 lectio
1091 3280 1114 3341 1,
1136 3283 1179 3331 73.
1191 3303 1226 3318 -

101 3377 139 3414 ue
157 3358 250 3431 oopuln
270 3371 295 3413 44
315 3361 390 3414 toties
411 3379 550 3416 occurrens
565 3362 640 3417 fasti·
689 3381 797 3434 pum
808 3361 913 3414 emend.
925 3363 958 3416 H.
976 3360 1159 3429 7414404444,
1171 3360 1227 3430 opi·

101 3444 184 3500 dium
199 3454 269 3498 44444
282 3445 395 3498 nuribus.
690 3463 749 3500 uer.

139 3537 202 3584 466.
217 3549 235 3582 a
251 3529 355 3583 demens
369 3529 474 3598 (4444444
493 3531 527 3584 uir
542 3533 583 3600 d.)
601 3533 642 3586 44.
726 3532 785 3582 473.
802 3539 858 3580 urat
873 3529 913 3580 40.
931 3533 972 3580 47.
994 3529 1038 3582 73.
1052 3531 1095 3582 24.
1115 3529 1226 3582 46-40.

102 3619 148 3668 46.
178 3612 206 3668 Ο
229 3613 395 3678 deorsum,
419 3633 505 3668 444444
530 3625 571 3668 444
602 3621 643 3669 tt.
691 3612 898 3668 su-tomtno
916 3616 957 3665 44.
976 3617 1069 3667 4749.

99 3695 180 3770 prob.
200 3695 642 3764 &humss.1,ctemmstt‚waa
726 3701 786 3752 475.
810 3715 865 3749 eum
882 3708 983 3750 4444444444
1000 3700 1042 3749 27.
1059 3699 1170 3750 46-50.
1184 3699 1226 3748 55.

99 3780 179 3849 conj.
192 3783 282 3834 Bam.
296 3779 328 3833 44
349 3779 455 3835 444444.
474 3784 505 3835 Τ.
515 3784 534 3835 4.
550 3801 575 3854 ρ.
585 3787 642 3838 sto.
693 3787 731 3837 47.
743 3787 785 3836 st.
799 3788 909 3836 44-44.
923 3785 1033 3836 ‹ts-ee.
1045 3785 1157 3858 717-73.

101 3863 178 3934 quod
200 3863 316 3934 impense
334 3862 417 3934 piacet
433 3867 509 3921 Heia.
523 3867 644 3938 quodque
728 3870 787 3918 477.
801 3865 851 3917 Pro
871 3881 956 3916 amnes
976 3863 1067 3916 malim
1087 3863 1172 3926 444444,
1194 3877 1227 3912 ue

101 3946 191 4002 edidit
203 3945 349 4000 Aeh.euius
366 3959 429 4002 44444
444 3959 498 4003 est:
521 3955 539 3984 ⁸³
548 3949 583 4004 ita
592 3949 641 4002 ita·
693 3950 783 4003 eadem
795 3947 1053 4018 resbisexprinsutur,
1065 3957 1091 4000 44
1102 3947 1227 4017 quoniam
1337 3987 1343 4002 .

99 4031 269 4085 beutomnes
281 4031 336 4084 sere
346 4031 422 4086 eodd.
432 4032 523 4101 nostri3
534 4033 643 4104 quidam
693 4033 839 4088 Herodotus
846 4043 982 4101 memorat,
989 4049 1041 4085 non
1048 4032 1142 4084 fluvios
1148 4029 1229 4083 ruodo

103 4115 139 4172 0
156 4116 261 4169 demens
281 4127 415 4179 ameum,
436 4128 462 4170 44
475 4118 526 4170 duo
549 4119 582 4171 444
596 4119 641 4171 de·
695 4127 806 4188 quatuor
823 4117 855 4169 ab
874 4117 987 4170 exercitu
1007 4115 1101 4169 Xerxis
1123 4114 1228 4168 siccatos

103 4217 185 4252 4444444.
196 4237 216 4262 ,,
227 4199 326 4252 Mirum
338 4209 364 4252 et
377 4199 420 4252 vix
428 4201 558 4262 credibile,
568 4203 644 4258 MSS.
693 4203 876 4272 exhaustosque
889 4221 959 4268 4444,
972 4201 1018 4260 sed
1030 4202 1112 4257 4444444
1126 4217 1229 4274 quoque

99 4281 190 4336 Paris.
203 4279 254 4334 hoo
265 4291 368 4334 44444444
382 4281 439 4337 loeo
449 4303 465 4337 4
477 4285 542 4340 metr
551 4285 644 4341 dimer-
694 4285 771 4338 XXX
782 4283 936 4337 stadiorum.

107 4383 329 4437 parm-mmo
341 4373 383 4421 49.
730 4377 857 4442 sidonae
868 4382 951 4423 4444444
963 4375 1007 4424 45.

148 4455 207 4506 sm.
224 4452 416 4523 44444444.
431 4458 472 4510 44.
629 4537 632 4544 ¹
730 4461 788 4510 ue.
804 4453 879 4510 4444
895 4455 976 4526 meo
994 4459 1034 4512 44.
