3028 5492
335 379 490 474 lxxxii
646 391 784 470 tnnnx
818 403 1010 470 contensa
1045 402 1135 472 lass.

335 615 423 676 Sece-
445 609 504 682 xt.
524 607 672 692 seriptum
691 605 890 692 empleantnr.
910 605 972 670 Sed
990 625 1091 692 neque
1109 605 1212 670 stadio
1230 605 1459 686 librariorum,

336 725 435 791 neque
453 701 619 766 lectionum
639 701 773 764 bonints
785 700 912 785 insignis
930 708 985 764 est.

375 822 426 882 27.
445 797 760 880 Kulemkumpionns‚

334 894 585 958 membranaceas
614 901 647 955 et
672 889 806 956 eiusdem
836 892 954 954 formae
982 889 1195 975 eleganterque
1221 891 1367 976 scriptas,
1396 888 1457 952 sed

334 989 499 1064 recentior,
518 1007 617 1070 neque
637 985 739 1069 magni
758 985 871 1069 pretii,
900 985 958 1048 etsi
985 985 1129 1048 lectiones
1154 987 1308 1050 interdum
1327 983 1459 1047 exhibet

334 1087 368 1149 in
388 1083 453 1163 sliis
475 1081 661 1144 membranis
677 1079 817 1142 nondam
835 1088 980 1163 repertas.
1001 1079 1160 1144 consentit
1180 1080 1361 1165 pleramque
1379 1098 1458 1142 eum

333 1177 499 1260 Lipsiensi,
523 1186 554 1239 et
573 1195 612 1238 ex
631 1174 739 1239 eodem
755 1175 861 1238 forma
881 1175 965 1238 fonte
985 1173 1083 1238 fluxit.
1118 1177 1191 1238 Fuit
1209 1175 1285 1240 olim
1305 1179 1337 1236 in
1359 1193 1459 1258 prae·

334 1269 416 1334 clara
430 1273 461 1334 b.
476 1271 684 1355 Kalenkenapi
696 1269 900 1344 bibliotheca3
918 1289 957 1332 ex
976 1291 1034 1354 qua
1047 1271 1099 1355 qni
1119 1293 1189 1334 enm
1209 1271 1318 1334 emerit
1330 1272 1459 1353 ignoro.

334 1367 432 1431 Panlo
452 1388 526 1430 vero
545 1377 616 1430 ante
636 1388 726 1452 quem
741 1367 817 1430 baec
830 1366 1009 1448 Geettingae
1029 1365 1229 1442 vendebatur,
1252 1366 1338 1428 illum
1360 1365 1460 1426 beni-

334 1463 481 1546 gnissime
500 1462 540 1525 ad
560 1484 609 1526 me
629 1483 689 1524 nna
709 1483 781 1525 cnm
801 1461 904 1526 multis
923 1461 1012 1525 editt.
1031 1471 1104 1523 antt.
1126 1461 1208 1526 misit
1227 1463 1352 1548 beyno,
1375 1463 1457 1524 nnl-

334 1577 393 1620 oas
413 1567 595 1642 praeceptor
613 1575 698 1621 mens
716 1559 881 1642 lautorqae
894 1555 1153 1640 generosissimus·

698 1724 801 1770 CODBX
821 1719 895 1770 ROB·
912 1719 1082 1770 sternent.

375 1839 426 1902 28.
446 1838 556 1901 Codex
575 1851 702 1902 vetustus
722 1835 798 1900 lton.
808 1837 975 1921 Stephani,

336 1933 422 1995 enias
442 1933 541 1994 veniae
567 1932 713 1995 lectiones
735 1932 774 1993 ad
793 1932 906 1994 calcem
927 1933 998 1995 edit.
1018 1931 1166 2015 Stephani
1187 1931 1285 1994 Latet.
1313 1930 1401 2005 ¹544
1424 1931 1455 1994 8.

334 2023 618 2107 deprehenduntur,
633 2045 709 2109 qnae
722 2025 821 2088 bonne
834 2026 958 2110 quidem
978 2025 1159 2109 plerumque
1178 2033 1251 2088 snut
1271 2034 1302 2086 et
1320 2023 1359 2085 ab
1372 2027 1456 2108 opti·

334 2119 394 2182 mia
413 2119 582 2182 editoribus
602 2131 748 2204 receptae.
782 2121 843 2182 Sed
862 2121 1033 2204 Stephanae
1053 2142 1162 2200 peuces
1180 2129 1300 2182 tantum
1319 2121 1457 2183 enotavit

335 2224 378 2288 (v.
391 2235 418 2280 o.
440 2217 473 2278 in
486 2217 549 2279 Set.
569 2216 623 2278 lx.
642 2219 684 2280 X.
705 2225 736 2278 et
754 2215 822 2277 ΧΗ.
844 2235 906 2276 non
927 2215 986 2276 nisi
1002 2237 1111 2292 anem,
1131 2217 1162 2277 in
1176 2219 1236 2279 Sat.
1250 2219 1306 2279 lli.
1320 2227 1351 2278 et
1362 2217 1455 2278 Xlll.

334 2307 445 2386 binus,
469 2311 501 2370 in
522 2308 585 2372 Set.
608 2311 649 2372 11.
670 2319 702 2374 et
722 2305 792 2371 Vll.
811 2310 938 2386 trians),
964 2329 1063 2392 aeque
1081 2309 1179 2393 ipsum
1198 2311 1335 2373 codicem
1354 2330 1456 2374 aecn-

332 2406 428 2466 retius
447 2402 614 2487 descripsit.

556 2611 562 2623 ‚
677 2566 726 2628 29.
747 2565 855 2612 consx
873 2565 1105 2628 sesamam,

334 2705 353 2748 e
379 2703 442 2769 qno
461 2684 636 2749 'varietatem
663 2683 803 2749 lectionis
824 2693 998 2770 excerptam
1019 2686 1103 2750 dedit
1121 2687 1307 2752 Wetstenins
1325 2687 1358 2751 in
1378 2689 1458 2750 edit.

334 2779 463 2889 emetel.
486 2783 573 2857 1684.
593 2782 623 2845 8.
644 2780 698 2843 ubi
716 2789 822 2844 tamen
841 2781 970 2844 ulterior
982 2781 1046 2872 eins
1058 2783 1221 2870 descriptio
1234 2785 1348 2848 frustm
1360 2807 1458 2870 qnae·

334 2885 426 2938 ratur.
471 2907 474 2911 ·

599 3041 664 3087 ml
682 3041 812 3087 CODICES
832 3040 870 3087 ΑΒ
891 3040 973 3088 ffllS
993 3041 1180 3090 ΠΕΠΟΜΤΙ.

334 3167 457 3230 Praeter
475 3167 552 3242 hoa,
572 3188 648 3250 quos
672 3167 732 3228 iam
752 3170 909 3244 recensui,
944 3169 1063 3234 codices
1092 3171 1150 3232 viri
1175 3171 1258 3234 docti
1285 3175 1395 3255 passim
1418 3176 1456 3238 in

334 3262 558 3325 commentariis
586 3262 765 3348 scriptisque
798 3263 859 3326 suis
887 3264 1052 3328 lauderant
1070 3265 1160 3343 elios,
1186 3276 1218 3327 et
1237 3269 1333 3329 varias
1353 3289 1392 3329 ex
1414 3271 1456 3332 iis

333 3355 501 3431 lectiones,
530 3355 585 3419 scd
606 3377 713 3440 paneas
736 3367 873 3438 mutam,
892 3360 1110 3445 protulerant,
1137 3381 1211 3446 ques
1230 3383 1306 3446 ego,
1333 3375 1456 3446 quanto

332 3447 401 3513 lieri
420 3450 542 3533 potnit,
561 3451 660 3513 stadio
681 3453 828 3533 congessi.

373 3543 422 3606 So.
444 3543 555 3606 Codex
575 3547 706 3607 Domitii
725 3547 906 3622 Calderint',

333 3637 384 3721 qai
405 3659 474 3698 enan
495 3638 528 3698 in
548 3641 770 3703 commentariis
789 3641 850 3704 suis
871 3663 1102 3727 nonnumquam
1121 3654 1270 3708 memorat
1289 3654 1320 3708 et
1338 3647 1456 3711 certis-

332 3731 425 3794 simae
444 3731 517 3795 dicit
538 3733 606 3796 fidei
626 3755 689 3798 esse
708 3754 744 3798 ac
764 3756 898 3804 summes
919 3739 1084 3803 vetustatis.

372 3827 409 3888 31
434 3849 461 3888 a.
483 3828 592 3890 Codex
617 3831 730 3893 Veliae

332 3920 574 4004 antiquissimas,
594 3923 633 3986 de
652 3943 715 4007 qao
729 3919 791 3987 sid}
812 3924 863 3987 iat.
877 3923 915 3987 ad
936 3927 999 3990 cius
1018 3927 1091 3992 edit.
1110 3887 1218 3993 Venel.
1237 3931 1323 4008 1486.

372 4017 409 4082 31
427 4017 456 4078 b.
476 4018 544 4078 Alii
562 4017 692 4081 eiusdem
717 4020 827 4082 Vallae
846 4022 985 4098 codices,

333 4111 432 4192 quiin
452 4123 613 4176 comment.
633 4115 697 4177 eins
716 4134 946 4198 nonnumquam
971 4117 1152 4196 laudantur,
1184 4123 1236 4184 sed
1257 4131 1317 4187 tam
1338 4145 1449 4210 param
1491 4179 1495 4188 .

333 4205 491 4282 distincte,
509 4218 545 4270 ut
563 4209 697 4286 nescias,
718 4219 821 4271 utram
840 4212 944 4294 scripti
965 4215 1081 4278 fuerint
1100 4239 1139 4278 an
1160 4217 1242 4281 editi.

374 4299 423 4358 32.
445 4302 555 4364 Codex
575 4305 756 4366 Mancinelli
774 4325 850 4366 nnus
868 4320 897 4368 et
915 4309 1006 4384 alter,

333 4414 462 4484 qnorum
483 4397 508 4460 is
527 4397 683 4483 aliquoties
705 4401 888 4464 mentionem
910 4403 982 4468 iacit
1001 4404 1033 4468 in
1055 4405 1176 4472 Consta.
