<?xml version="1.0" encoding="UTF-8"?>
<!DOCTYPE html PUBLIC "-//W3C//DTD XHTML 1.0 Transitional//EN"
    "http://www.w3.org/TR/xhtml1/DTD/xhtml1-transitional.dtd">
<html xmlns="http://www.w3.org/1999/xhtml" xml:lang="en" lang="en">
 <head>
  <title>
</title>
<meta http-equiv="Content-Type" content="text/html;charset=utf-8" />
  <meta name='ocr-system' content='tesseract 3.04.00' />
  <meta name='ocr-capabilities' content='ocr_page ocr_carea ocr_par ocr_line ocrx_word'/>
</head>
<body>
  <div class='ocr_page' id='page_1' title='image "./diuniiiuvenalis00persgoog_0216.png"; bbox 0 0 3108 5494; ppageno 0'>
   <div class='ocr_carea' id='block_1_1' title="bbox 311 379 980 474">
    <p class='ocr_par' dir='ltr' id='par_1_1' title="bbox 311 379 980 474">
     <span class='ocr_line' id='line_1_1' title="bbox 311 379 980 474; baseline 0.001 -1"><span class='ocrx_word' id='word_1_1' title='bbox 311 379 372 474; x_wconf 81' lang='lat'><strong>68</strong></span> <span class='ocrx_word' id='word_1_2' title='bbox 757 413 980 474; x_wconf 79' lang='lat' dir='ltr'><strong>rvvauams</strong></span> 
     </span>
    </p>
   </div>
   <div class='ocr_carea' id='block_1_2' title="bbox 297 607 1462 2459">
    <p class='ocr_par' dir='ltr' id='par_1_2' title="bbox 304 607 1140 692">
     <span class='ocr_line' id='line_1_2' title="bbox 304 607 1140 692; baseline -0.006 0"><span class='ocrx_word' id='word_1_3' title='bbox 304 614 480 692; x_wconf 87' lang='lat' dir='ltr'><strong>Arderet.</strong></span> <span class='ocrx_word' id='word_1_4' title='bbox 530 612 634 690; x_wconf 87' lang='lat' dir='ltr'><strong>Nulli</strong></span> <span class='ocrx_word' id='word_1_5' title='bbox 662 616 780 690; x_wconf 89' lang='lat' dir='ltr'><strong>maior</strong></span> <span class='ocrx_word' id='word_1_6' title='bbox 799 610 872 688; x_wconf 79' lang='lat' dir='ltr'><strong>luit</strong></span> <span class='ocrx_word' id='word_1_7' title='bbox 891 636 980 688; x_wconf 88' lang='lat' dir='ltr'><strong>usus</strong></span> <span class='ocrx_word' id='word_1_8' title='bbox 1001 607 1140 689; x_wconf 83' lang='lat' dir='ltr'><strong>edendi</strong></span> 
     </span>
    </p>

    <p class='ocr_par' dir='ltr' id='par_1_3' title="bbox 297 727 1429 1068">
     <span class='ocr_line' id='line_1_3' title="bbox 308 727 1429 837; baseline -0.004 -27"><span class='ocrx_word' id='word_1_9' title='bbox 308 733 548 837; x_wconf 74' lang='lat' dir='ltr'><strong>Tempestate</strong></span> <span class='ocrx_word' id='word_1_10' title='bbox 569 756 660 805; x_wconf 89' lang='lat' dir='ltr'><strong>mea.</strong></span> <span class='ocrx_word' id='word_1_11' title='bbox 712 731 853 806; x_wconf 87' lang='lat' dir='ltr'><strong>Circeis</strong></span> <span class='ocrx_word' id='word_1_12' title='bbox 878 747 967 804; x_wconf 87' lang='lat' dir='ltr'><strong>nata</strong></span> <span class='ocrx_word' id='word_1_13' title='bbox 985 727 1136 822; x_wconf 84' lang='lat' dir='ltr'><strong>forent,</strong></span> <span class='ocrx_word' id='word_1_14' title='bbox 1163 758 1213 806; x_wconf 88' lang='lat' dir='ltr'><strong>an</strong></span> <span class='ocrx_word' id='word_1_15' title='bbox 1377 770 1429 822; x_wconf 60' lang='grc' dir='ltr'><strong>,ω</strong></span> 
     </span>
     <span class='ocr_line' id='line_1_4' title="bbox 306 845 1251 950; baseline -0.002 -24"><span class='ocrx_word' id='word_1_16' title='bbox 306 851 516 926; x_wconf 89' lang='lat' dir='ltr'><strong>Lucrinum</strong></span> <span class='ocrx_word' id='word_1_17' title='bbox 536 845 584 922; x_wconf 90' lang='lat' dir='ltr'><strong>ad</strong></span> <span class='ocrx_word' id='word_1_18' title='bbox 601 873 729 922; x_wconf 87' lang='lat' dir='ltr'><strong>saxum</strong></span> <span class='ocrx_word' id='word_1_19' title='bbox 748 847 989 950; x_wconf 87' lang='lat' dir='ltr'><strong>Rutupinove</strong></span> <span class='ocrx_word' id='word_1_20' title='bbox 1009 845 1110 921; x_wconf 89' lang='lat' dir='ltr'><strong>edita</strong></span> <span class='ocrx_word' id='word_1_21' title='bbox 1129 846 1251 924; x_wconf 91' lang='lat' dir='ltr'><strong>fundo</strong></span> 
     </span>
     <span class='ocr_line' id='line_1_5' title="bbox 297 960 1205 1068; baseline -0.003 -28"><span class='ocrx_word' id='word_1_22' title='bbox 297 967 459 1068; x_wconf 70' lang='lat' dir='ltr'><strong>Ostrea,</strong></span> <span class='ocrx_word' id='word_1_23' title='bbox 475 960 638 1037; x_wconf 78' lang='lat' dir='ltr'>callebat</span> <span class='ocrx_word' id='word_1_24' title='bbox 656 963 778 1067; x_wconf 90' lang='lat' dir='ltr'><strong>primo</strong></span> <span class='ocrx_word' id='word_1_25' title='bbox 798 960 1036 1065; x_wconf 80' lang='lat' dir='ltr'>deprendere</span> <span class='ocrx_word' id='word_1_26' title='bbox 1056 989 1184 1038; x_wconf 91' lang='lat' dir='ltr'><strong>morsu</strong></span> <span class='ocrx_word' id='word_1_27' title='bbox 1194 991 1205 1054; x_wconf 90' lang='lat'>;</span> 
     </span>
    </p>

    <p class='ocr_par' dir='ltr' id='par_1_4' title="bbox 304 1074 1136 1181">
     <span class='ocr_line' id='line_1_6' title="bbox 304 1074 1136 1181; baseline -0.006 -27"><span class='ocrx_word' id='word_1_28' title='bbox 304 1079 357 1154; x_wconf 88' lang='lat' dir='ltr'><strong>Et</strong></span> <span class='ocrx_word' id='word_1_29' title='bbox 381 1076 496 1153; x_wconf 86' lang='lat' dir='ltr'><strong>semel</strong></span> <span class='ocrx_word' id='word_1_30' title='bbox 523 1076 689 1181; x_wconf 88' lang='lat' dir='ltr'><strong>adspecti</strong></span> <span class='ocrx_word' id='word_1_31' title='bbox 716 1074 803 1150; x_wconf 91' lang='lat' dir='ltr'><strong>litus</strong></span> <span class='ocrx_word' id='word_1_32' title='bbox 831 1075 980 1151; x_wconf 90' lang='lat' dir='ltr'><strong>dicebat</strong></span> <span class='ocrx_word' id='word_1_33' title='bbox 998 1077 1136 1150; x_wconf 88' lang='lat' dir='ltr'>echini.</span> 
     </span>
    </p>

    <p class='ocr_par' dir='ltr' id='par_1_5' title="bbox 304 1193 1424 1517">
     <span class='ocr_line' id='line_1_7' title="bbox 305 1193 1215 1298; baseline -0.004 -29"><span class='ocrx_word' id='word_1_34' title='bbox 305 1194 511 1296; x_wconf 82' lang='lat' dir='ltr'><strong>Surgitur,</strong></span> <span class='ocrx_word' id='word_1_35' title='bbox 530 1211 569 1268; x_wconf 88' lang='lat' dir='ltr'><strong>et</strong></span> <span class='ocrx_word' id='word_1_36' title='bbox 586 1196 696 1268; x_wconf 91' lang='lat' dir='ltr'><strong>misso</strong></span> <span class='ocrx_word' id='word_1_37' title='bbox 715 1218 893 1298; x_wconf 83' lang='lat' dir='ltr'><strong>proceres</strong></span> <span class='ocrx_word' id='word_1_38' title='bbox 911 1194 1013 1268; x_wconf 84' lang='lat' dir='ltr'><strong>exire</strong></span> <span class='ocrx_word' id='word_1_39' title='bbox 1032 1193 1215 1267; x_wconf 88' lang='lat' dir='ltr'><strong>iubentur</strong></span> 
     </span>
     <span class='ocr_line' id='line_1_8' title="bbox 304 1308 1424 1414; baseline -0.004 -28"><span class='ocrx_word' id='word_1_40' title='bbox 304 1309 494 1401; x_wconf 88' lang='lat' dir='ltr'><strong>Consilio,</strong></span> <span class='ocrx_word' id='word_1_41' title='bbox 517 1335 615 1414; x_wconf 90' lang='lat' dir='ltr'><strong>quos</strong></span> <span class='ocrx_word' id='word_1_42' title='bbox 632 1308 816 1384; x_wconf 84' lang='lat' dir='ltr'><strong>Albanam</strong></span> <span class='ocrx_word' id='word_1_43' title='bbox 837 1308 914 1384; x_wconf 84' lang='lat' dir='ltr'><strong>dux</strong></span> <span class='ocrx_word' id='word_1_44' title='bbox 932 1335 1089 1412; x_wconf 80' lang='lat' dir='ltr'><strong>magnus</strong></span> <span class='ocrx_word' id='word_1_45' title='bbox 1107 1312 1147 1384; x_wconf 91' lang='lat' dir='ltr'><strong>in</strong></span> <span class='ocrx_word' id='word_1_46' title='bbox 1168 1333 1292 1384; x_wconf 88' lang='lat' dir='ltr'><strong>arcem</strong></span> <span class='ocrx_word' id='word_1_47' title='bbox 1373 1345 1424 1394; x_wconf 77' lang='lat' dir='ltr'><strong>us</strong></span> 
     </span>
     <span class='ocr_line' id='line_1_9' title="bbox 304 1424 1128 1517; baseline 0.001 -15"><span class='ocrx_word' id='word_1_48' title='bbox 304 1429 488 1504; x_wconf 81' lang='lat' dir='ltr'><strong>Traxerat</strong></span> <span class='ocrx_word' id='word_1_49' title='bbox 509 1427 686 1503; x_wconf 89' lang='lat' dir='ltr'><strong>attonitos</strong></span> <span class='ocrx_word' id='word_1_50' title='bbox 706 1442 744 1500; x_wconf 88' lang='lat' dir='ltr'><strong>et</strong></span> <span class='ocrx_word' id='word_1_51' title='bbox 761 1424 940 1502; x_wconf 87' lang='lat' dir='ltr'><strong>festinare</strong></span> <span class='ocrx_word' id='word_1_52' title='bbox 959 1444 1128 1517; x_wconf 89' lang='lat' dir='ltr'><strong>coactos,</strong></span> 
     </span>
    </p>

    <p class='ocr_par' dir='ltr' id='par_1_6' title="bbox 302 1529 1326 1764">
     <span class='ocr_line' id='line_1_10' title="bbox 303 1529 1326 1647; baseline -0.004 -28"><span class='ocrx_word' id='word_1_53' title='bbox 303 1543 515 1646; x_wconf 83' lang='lat' dir='ltr'><strong>Tamquam</strong></span> <span class='ocrx_word' id='word_1_54' title='bbox 534 1542 582 1618; x_wconf 92' lang='lat' dir='ltr'><strong>de</strong></span> <span class='ocrx_word' id='word_1_55' title='bbox 600 1544 714 1617; x_wconf 88' lang='lat' dir='ltr'><strong>Cattis</strong></span> <span class='ocrx_word' id='word_1_56' title='bbox 734 1540 881 1645; x_wconf 88' lang='lat' dir='ltr'><strong>aliquid</strong></span> <span class='ocrx_word' id='word_1_57' title='bbox 899 1529 1093 1646; x_wconf 85' lang='lat' dir='ltr'><strong>torvisque</strong></span> <span class='ocrx_word' id='word_1_58' title='bbox 1112 1541 1326 1647; x_wconf 80' lang='lat' dir='ltr'><strong>Sygambris</strong></span> 
     </span>
     <span class='ocr_line' id='line_1_11' title="bbox 302 1657 1258 1764; baseline -0.001 -29"><span class='ocrx_word' id='word_1_59' title='bbox 302 1661 511 1750; x_wconf 76' lang='lat' dir='ltr'><strong>Dicturus,</strong></span> <span class='ocrx_word' id='word_1_60' title='bbox 527 1675 718 1760; x_wconf 85' lang='lat' dir='ltr'><strong>tamquam</strong></span> <span class='ocrx_word' id='word_1_61' title='bbox 735 1676 774 1732; x_wconf 92' lang='lat' dir='ltr'><strong>et</strong></span> <span class='ocrx_word' id='word_1_62' title='bbox 792 1657 947 1736; x_wconf 86' lang='lat' dir='ltr'><strong>diversis</strong></span> <span class='ocrx_word' id='word_1_63' title='bbox 967 1659 1137 1764; x_wconf 85' lang='lat' dir='ltr'><strong>partibus</strong></span> <span class='ocrx_word' id='word_1_64' title='bbox 1157 1658 1258 1735; x_wconf 94' lang='lat' dir='ltr'><strong>orbis</strong></span> 
     </span>
    </p>

    <p class='ocr_par' dir='ltr' id='par_1_7' title="bbox 304 1773 1244 1880">
     <span class='ocr_line' id='line_1_12' title="bbox 304 1773 1244 1880; baseline 0 -32"><span class='ocrx_word' id='word_1_65' title='bbox 304 1776 425 1848; x_wconf 86' lang='lat' dir='ltr'><strong>Anxia</strong></span> <span class='ocrx_word' id='word_1_66' title='bbox 442 1775 641 1878; x_wconf 82' lang='lat' dir='ltr'><strong>praecipiti</strong></span> <span class='ocrx_word' id='word_1_67' title='bbox 666 1776 827 1849; x_wconf 86' lang='lat' dir='ltr'><strong>venisset</strong></span> <span class='ocrx_word' id='word_1_68' title='bbox 846 1773 1007 1879; x_wconf 86' lang='lat' dir='ltr'><strong>epistola</strong></span> <span class='ocrx_word' id='word_1_69' title='bbox 1025 1777 1156 1880; x_wconf 89' lang='lat' dir='ltr'><strong>pinna.</strong></span> <span class='ocrx_word' id='word_1_70' title='bbox 1237 1800 1244 1806; x_wconf 92' lang='lat'>·</span> 
     </span>
    </p>

    <p class='ocr_par' dir='ltr' id='par_1_8' title="bbox 305 1887 1416 2222">
     <span class='ocr_line' id='line_1_13' title="bbox 357 1887 1344 1993; baseline -0.001 -30"><span class='ocrx_word' id='word_1_71' title='bbox 357 1889 482 1993; x_wconf 85' lang='lat' dir='ltr'><strong>Atque</strong></span> <span class='ocrx_word' id='word_1_72' title='bbox 501 1892 646 1964; x_wconf 88' lang='lat' dir='ltr'><strong>utinam</strong></span> <span class='ocrx_word' id='word_1_73' title='bbox 665 1887 722 1964; x_wconf 92' lang='lat' dir='ltr'><strong>his</strong></span> <span class='ocrx_word' id='word_1_74' title='bbox 742 1893 866 1993; x_wconf 89' lang='lat' dir='ltr'><strong>potius</strong></span> <span class='ocrx_word' id='word_1_75' title='bbox 886 1893 996 1991; x_wconf 80' lang='lat' dir='ltr'><strong>nugis</strong></span> <span class='ocrx_word' id='word_1_76' title='bbox 1009 1908 1094 1973; x_wconf 80' lang='lat' dir='ltr'><strong>‚tota</strong></span> <span class='ocrx_word' id='word_1_77' title='bbox 1107 1889 1171 1964; x_wconf 93' lang='lat' dir='ltr'><strong>ille</strong></span> <span class='ocrx_word' id='word_1_78' title='bbox 1184 1889 1344 1966; x_wconf 85' lang='lat' dir='ltr'><strong>dedisset</strong></span> 
     </span>
     <span class='ocr_line' id='line_1_14' title="bbox 306 2003 1416 2110; baseline -0.001 -28"><span class='ocrx_word' id='word_1_79' title='bbox 306 2007 495 2110; x_wconf 82' lang='lat' dir='ltr'><strong>Tempora</strong></span> <span class='ocrx_word' id='word_1_80' title='bbox 508 2007 694 2096; x_wconf 86' lang='lat' dir='ltr'><strong>saevitiae,</strong></span> <span class='ocrx_word' id='word_1_81' title='bbox 709 2003 828 2080; x_wconf 89' lang='lat' dir='ltr'><strong>claras</strong></span> <span class='ocrx_word' id='word_1_82' title='bbox 842 2007 983 2109; x_wconf 92' lang='lat' dir='ltr'><strong>quibus</strong></span> <span class='ocrx_word' id='word_1_83' title='bbox 1002 2006 1155 2082; x_wconf 87' lang='lat' dir='ltr'><strong>abstulit</strong></span> <span class='ocrx_word' id='word_1_84' title='bbox 1174 2007 1268 2081; x_wconf 88' lang='lat' dir='ltr'><strong>Vrbi</strong></span> <span class='ocrx_word' id='word_1_85' title='bbox 1370 2041 1416 2090; x_wconf 69' lang='grc'><strong>454</strong></span> 
     </span>
     <span class='ocr_line' id='line_1_15' title="bbox 305 2119 1261 2222; baseline -0.001 -27"><span class='ocrx_word' id='word_1_86' title='bbox 305 2119 552 2221; x_wconf 85' lang='lat' dir='ltr'><strong>Illustresque</strong></span> <span class='ocrx_word' id='word_1_87' title='bbox 571 2121 712 2194; x_wconf 89' lang='lat' dir='ltr'><strong>animas</strong></span> <span class='ocrx_word' id='word_1_88' title='bbox 731 2121 884 2222; x_wconf 91' lang='lat' dir='ltr'><strong>impune</strong></span> <span class='ocrx_word' id='word_1_89' title='bbox 900 2119 944 2196; x_wconf 90' lang='lat' dir='ltr'><strong>&#39;et</strong></span> <span class='ocrx_word' id='word_1_90' title='bbox 963 2120 1109 2198; x_wconf 86' lang='lat' dir='ltr'><strong>vindice</strong></span> <span class='ocrx_word' id='word_1_91' title='bbox 1129 2120 1261 2197; x_wconf 87' lang='lat' dir='ltr'><strong>nullo!</strong></span> 
     </span>
    </p>

    <p class='ocr_par' dir='ltr' id='par_1_9' title="bbox 302 2235 1462 2459">
     <span class='ocr_line' id='line_1_16' title="bbox 305 2235 1292 2343; baseline 0 -31"><span class='ocrx_word' id='word_1_92' title='bbox 305 2236 382 2312; x_wconf 88' lang='lat' dir='ltr'><strong>Sed</strong></span> <span class='ocrx_word' id='word_1_93' title='bbox 402 2237 515 2343; x_wconf 89' lang='lat' dir='ltr'><strong>periit</strong></span> <span class='ocrx_word' id='word_1_94' title='bbox 541 2253 743 2341; x_wconf 89' lang='lat' dir='ltr'><strong>postquam</strong></span> <span class='ocrx_word' id='word_1_95' title='bbox 761 2235 990 2314; x_wconf 85' lang='lat' dir='ltr'><strong>cerdonibus</strong></span> <span class='ocrx_word' id='word_1_96' title='bbox 1009 2263 1086 2314; x_wconf 89' lang='lat' dir='ltr'><strong>esse</strong></span> <span class='ocrx_word' id='word_1_97' title='bbox 1105 2237 1292 2312; x_wconf 86' lang='lat' dir='ltr'><strong>timendus</strong></span> 
     </span>
     <span class='ocr_line' id='line_1_17' title="bbox 302 2351 1462 2459; baseline -0.004 -29"><span class='ocrx_word' id='word_1_98' title='bbox 302 2355 504 2459; x_wconf 82' lang='lat' dir='ltr'><strong>Coeperat.</strong></span> <span class='ocrx_word' id='word_1_99' title='bbox 554 2353 635 2428; x_wconf 88' lang='lat' dir='ltr'><strong>Hoc</strong></span> <span class='ocrx_word' id='word_1_100' title='bbox 661 2355 793 2430; x_wconf 90' lang='lat' dir='ltr'><strong>nocuit</strong></span> <span class='ocrx_word' id='word_1_101' title='bbox 818 2355 1029 2428; x_wconf 84' lang='lat' dir='ltr'><strong>Lamiarum</strong></span> <span class='ocrx_word' id='word_1_102' title='bbox 1055 2351 1170 2428; x_wconf 90' lang='lat' dir='ltr'><strong>caede</strong></span> <span class='ocrx_word' id='word_1_103' title='bbox 1191 2351 1368 2428; x_wconf 88' lang='lat' dir='ltr'><strong>madenti.</strong></span> <span class='ocrx_word' id='word_1_104' title='bbox 1455 2379 1462 2386; x_wconf 92' lang='lat'>·</span> 
     </span>
    </p>
   </div>
   <div class='ocr_carea' id='block_1_3' title="bbox 341 2513 1536 2614">
    <p class='ocr_par' dir='ltr' id='par_1_10' title="bbox 341 2513 1536 2614">
     <span class='ocr_line' id='line_1_18' title="bbox 341 2513 1536 2614; baseline 0.001 -19"><span class='ocrx_word' id='word_1_105' title='bbox 341 2548 399 2600; x_wconf 84' lang='grc'><strong>444).</strong></span> <span class='ocrx_word' id='word_1_106' title='bbox 415 2541 517 2597; x_wconf 81' lang='lat' dir='ltr'><strong>Circeiis</strong></span> <span class='ocrx_word' id='word_1_107' title='bbox 529 2548 570 2596; x_wconf 87' lang='grc'><strong>60.</strong></span> <span class='ocrx_word' id='word_1_108' title='bbox 589 2513 631 2598; x_wconf 36' lang='grc'><strong>65..</strong></span> <span class='ocrx_word' id='word_1_109' title='bbox 890 2543 974 2597; x_wconf 87' lang='lat' dir='ltr'><strong>multo</strong></span> <span class='ocrx_word' id='word_1_110' title='bbox 991 2542 1075 2614; x_wconf 84' lang='lat' dir='ltr'><strong>aptior</strong></span> <span class='ocrx_word' id='word_1_111' title='bbox 1085 2541 1151 2595; x_wconf 85' lang='lat' dir='ltr'><strong>esth</strong></span> <span class='ocrx_word' id='word_1_112' title='bbox 1168 2539 1186 2594; x_wconf 91' lang='lat' dir='ltr'><strong>l.</strong></span> <span class='ocrx_word' id='word_1_113' title='bbox 1200 2551 1226 2596; x_wconf 84' lang='lat' dir='ltr'><strong>et</strong></span> <span class='ocrx_word' id='word_1_114' title='bbox 1237 2544 1357 2594; x_wconf 78' lang='grc'><strong>4444444444</strong></span> <span class='ocrx_word' id='word_1_115' title='bbox 1367 2545 1422 2596; x_wconf 88' lang='lat' dir='ltr'><strong>lm·</strong></span> <span class='ocrx_word' id='word_1_116' title='bbox 1533 2570 1536 2575; x_wconf 94' lang='lat'>·</span> 
     </span>
    </p>
   </div>
   <div class='ocr_carea' id='block_1_4' title="bbox 304 2610 1424 4510">
    <p class='ocr_par' dir='ltr' id='par_1_11' title="bbox 305 2610 1422 3072">
     <span class='ocr_line' id='line_1_19' title="bbox 342 2610 1420 2684; baseline -0.002 -20"><span class='ocrx_word' id='word_1_117' title='bbox 342 2619 399 2666; x_wconf 88' lang='grc'><strong>444.</strong></span> <span class='ocrx_word' id='word_1_118' title='bbox 412 2612 584 2682; x_wconf 74' lang='lat' dir='ltr'><strong>Bwrpinoque</strong></span> <span class='ocrx_word' id='word_1_119' title='bbox 601 2615 642 2663; x_wconf 89' lang='grc'><strong>20.</strong></span> <span class='ocrx_word' id='word_1_120' title='bbox 660 2613 702 2664; x_wconf 85' lang='grc'><strong>26.</strong></span> <span class='ocrx_word' id='word_1_121' title='bbox 715 2613 757 2664; x_wconf 90' lang='grc'><strong>27.</strong></span> <span class='ocrx_word' id='word_1_122' title='bbox 771 2618 839 2667; x_wconf 85' lang='grc'><strong>46-</strong></span> <span class='ocrx_word' id='word_1_123' title='bbox 890 2610 1205 2684; x_wconf 69' lang='lat' dir='ltr'><strong>paratoria-SycamBris</strong></span> <span class='ocrx_word' id='word_1_124' title='bbox 1215 2620 1256 2663; x_wconf 85' lang='lat' dir='ltr'><strong>tt.</strong></span> <span class='ocrx_word' id='word_1_125' title='bbox 1271 2618 1312 2665; x_wconf 94' lang='grc'><strong>47.</strong></span> <span class='ocrx_word' id='word_1_126' title='bbox 1324 2616 1365 2664; x_wconf 80' lang='grc'><strong>24.</strong></span> <span class='ocrx_word' id='word_1_127' title='bbox 1377 2617 1420 2664; x_wconf 82' lang='lat' dir='ltr'><strong>o‘tt.</strong></span> 
     </span>
     <span class='ocr_line' id='line_1_20' title="bbox 305 2677 1422 2751; baseline -0.004 -15"><span class='ocrx_word' id='word_1_128' title='bbox 305 2685 347 2736; x_wconf 78' lang='grc'><strong>48.</strong></span> <span class='ocrx_word' id='word_1_129' title='bbox 360 2683 469 2733; x_wconf 82' lang='grc'><strong>56-60.</strong></span> <span class='ocrx_word' id='word_1_130' title='bbox 482 2686 523 2734; x_wconf 88' lang='grc'><strong>64.</strong></span> <span class='ocrx_word' id='word_1_131' title='bbox 536 2686 577 2733; x_wconf 84' lang='grc'><strong>65.</strong></span> <span class='ocrx_word' id='word_1_132' title='bbox 598 2678 785 2751; x_wconf 76' lang='lat' dir='ltr'><strong>llrrptupiuoqaoe</strong></span> <span class='ocrx_word' id='word_1_133' title='bbox 806 2688 836 2735; x_wconf 95' lang='grc'><strong>47</strong></span> <span class='ocrx_word' id='word_1_134' title='bbox 890 2687 933 2735; x_wconf 88' lang='grc'><strong>65.</strong></span> <span class='ocrx_word' id='word_1_135' title='bbox 951 2678 1090 2750; x_wconf 79' lang='lat' dir='ltr'><strong>Sigambrr&#39;s</strong></span> <span class='ocrx_word' id='word_1_136' title='bbox 1106 2685 1136 2728; x_wconf 88' lang='grc'><strong>44</strong></span> <span class='ocrx_word' id='word_1_137' title='bbox 1150 2697 1164 2730; x_wconf 88' lang='lat' dir='ltr'><strong>a</strong></span> <span class='ocrx_word' id='word_1_138' title='bbox 1179 2695 1280 2748; x_wconf 81' lang='lat' dir='ltr'><strong>m.pr.,</strong></span> <span class='ocrx_word' id='word_1_139' title='bbox 1293 2677 1422 2731; x_wconf 71' lang='lat' dir='ltr'><strong>Sirundrr&#39;s</strong></span> 
     </span>
     <span class='ocr_line' id='line_1_21' title="bbox 307 2745 1420 2818; baseline -0.002 -16"><span class='ocrx_word' id='word_1_140' title='bbox 307 2765 325 2802; x_wconf 75' lang='grc' dir='ltr'>ι</span> <span class='ocrx_word' id='word_1_141' title='bbox 340 2763 377 2799; x_wconf 87' lang='lat' dir='ltr'><strong>m.</strong></span> <span class='ocrx_word' id='word_1_142' title='bbox 388 2765 429 2817; x_wconf 88' lang='lat' dir='ltr'><strong>pr.</strong></span> <span class='ocrx_word' id='word_1_143' title='bbox 445 2752 487 2800; x_wconf 89' lang='grc'><strong>49.</strong></span> <span class='ocrx_word' id='word_1_144' title='bbox 503 2745 667 2815; x_wconf 80' lang='lat' dir='ltr'><strong>Ruttpiuoque</strong></span> <span class='ocrx_word' id='word_1_145' title='bbox 681 2755 720 2800; x_wconf 83' lang='grc'><strong>46.</strong></span> <span class='ocrx_word' id='word_1_146' title='bbox 889 2754 929 2802; x_wconf 90' lang='grc'><strong>24.</strong></span> <span class='ocrx_word' id='word_1_147' title='bbox 941 2745 1420 2818; x_wconf 74' lang='lat' dir='ltr'><strong>Sicansbrr&#39;sreliqui.Sygambrisedidi,</strong></span> 
     </span>
     <span class='ocr_line' id='line_1_22' title="bbox 341 2813 1421 2886; baseline 0.004 -22"><span class='ocrx_word' id='word_1_148' title='bbox 341 2818 402 2869; x_wconf 89' lang='grc'><strong>442.</strong></span> <span class='ocrx_word' id='word_1_149' title='bbox 418 2813 600 2885; x_wconf 64' lang='lat' dir='ltr'><strong>depretiem</strong></span> <span class='ocrx_word' id='word_1_150' title='bbox 620 2821 660 2868; x_wconf 90' lang='grc'><strong>47.</strong></span> <span class='ocrx_word' id='word_1_151' title='bbox 681 2819 723 2868; x_wconf 89' lang='grc'><strong>22.</strong></span> <span class='ocrx_word' id='word_1_152' title='bbox 742 2820 784 2869; x_wconf 90' lang='grc'><strong>24.</strong></span> <span class='ocrx_word' id='word_1_153' title='bbox 797 2821 838 2870; x_wconf 89' lang='grc'><strong>27.</strong></span> <span class='ocrx_word' id='word_1_154' title='bbox 889 2817 1012 2886; x_wconf 88' lang='lat' dir='ltr'><strong>quoniam</strong></span> <span class='ocrx_word' id='word_1_155' title='bbox 1036 2815 1098 2868; x_wconf 87' lang='lat' dir='ltr'><strong>baec</strong></span> <span class='ocrx_word' id='word_1_156' title='bbox 1121 2814 1245 2883; x_wconf 81' lang='lat' dir='ltr'><strong>scriptura</strong></span> <span class='ocrx_word' id='word_1_157' title='bbox 1271 2818 1421 2868; x_wconf 81' lang='lat' dir='ltr'><strong>auctoritate</strong></span> 
     </span>
     <span class='ocr_line' id='line_1_23' title="bbox 343 2879 1418 2950; baseline 0.001 -17"><span class='ocrx_word' id='word_1_158' title='bbox 343 2920 350 2933; x_wconf 93' lang='lat'><strong>.</strong></span> <span class='ocrx_word' id='word_1_159' title='bbox 890 2883 981 2936; x_wconf 87' lang='lat' dir='ltr'><strong>nititur</strong></span> <span class='ocrx_word' id='word_1_160' title='bbox 995 2893 1049 2935; x_wconf 91' lang='lat' dir='ltr'><strong>tum</strong></span> <span class='ocrx_word' id='word_1_161' title='bbox 1066 2879 1196 2950; x_wconf 81' lang='lat' dir='ltr'><strong>antiquiss.</strong></span> <span class='ocrx_word' id='word_1_162' title='bbox 1218 2881 1292 2934; x_wconf 90' lang='lat' dir='ltr'><strong>codd.</strong></span> <span class='ocrx_word' id='word_1_163' title='bbox 1309 2882 1399 2934; x_wconf 75' lang='lat' dir='ltr'><strong>Ouidii</strong></span> <span class='ocrx_word' id='word_1_164' title='bbox 1407 2923 1418 2948; x_wconf 90' lang='lat'><em>‚</em></span> 
     </span>
     <span class='ocr_line' id='line_1_24' title="bbox 342 2947 1416 3016; baseline 0.003 -16"><span class='ocrx_word' id='word_1_165' title='bbox 342 2947 400 3001; x_wconf 81' lang='grc'><strong>443.</strong></span> <span class='ocrx_word' id='word_1_166' title='bbox 424 2951 498 3002; x_wconf 73' lang='lat' dir='ltr'><strong>sinaei</strong></span> <span class='ocrx_word' id='word_1_167' title='bbox 519 2954 547 3004; x_wconf 85' lang='grc'><strong>47</strong></span> <span class='ocrx_word' id='word_1_168' title='bbox 568 2951 839 3004; x_wconf 63' lang='lat' dir='ltr'><strong>amase-dicebat</strong></span> <span class='ocrx_word' id='word_1_169' title='bbox 889 2950 1025 3006; x_wconf 84' lang='lat' dir='ltr'><strong>Claudiani</strong></span> <span class='ocrx_word' id='word_1_170' title='bbox 1041 2948 1216 3016; x_wconf 82' lang='lat' dir='ltr'><strong>aliorumque,</strong></span> <span class='ocrx_word' id='word_1_171' title='bbox 1232 2959 1289 3002; x_wconf 89' lang='lat' dir='ltr'><strong>tum</strong></span> <span class='ocrx_word' id='word_1_172' title='bbox 1300 2953 1416 3004; x_wconf 82' lang='lat' dir='ltr'><strong>Graeco·</strong></span> 
     </span>
     <span class='ocr_line' id='line_1_25' title="bbox 305 3015 1419 3072; baseline -0.002 0"><span class='ocrx_word' id='word_1_173' title='bbox 305 3019 365 3072; x_wconf 83' lang='lat' dir='ltr'><strong>litus</strong></span> <span class='ocrx_word' id='word_1_174' title='bbox 384 3021 422 3070; x_wconf 90' lang='grc'><strong>44.</strong></span> <span class='ocrx_word' id='word_1_175' title='bbox 890 3036 950 3070; x_wconf 90' lang='lat' dir='ltr'><strong>rum</strong></span> <span class='ocrx_word' id='word_1_176' title='bbox 967 3029 1117 3070; x_wconf 86' lang='lat' dir='ltr'><strong>auctorum:</strong></span> <span class='ocrx_word' id='word_1_177' title='bbox 1132 3035 1193 3068; x_wconf 88' lang='lat' dir='ltr'><strong>nam</strong></span> <span class='ocrx_word' id='word_1_178' title='bbox 1204 3015 1282 3070; x_wconf 89' lang='lat' dir='ltr'><strong>Dioni</strong></span> <span class='ocrx_word' id='word_1_179' title='bbox 1297 3027 1322 3070; x_wconf 87' lang='lat' dir='ltr'><strong>et</strong></span> <span class='ocrx_word' id='word_1_180' title='bbox 1334 3018 1419 3070; x_wconf 88' lang='lat' dir='ltr'><strong>Ptole·</strong></span> 
     </span>
    </p>

    <p class='ocr_par' dir='ltr' id='par_1_12' title="bbox 304 3081 1421 3294">
     <span class='ocr_line' id='line_1_26' title="bbox 342 3081 1421 3155; baseline -0.002 -16"><span class='ocrx_word' id='word_1_181' title='bbox 342 3089 399 3139; x_wconf 82' lang='grc'><strong>445.</strong></span> <span class='ocrx_word' id='word_1_182' title='bbox 426 3082 538 3138; x_wconf 80' lang='lat' dir='ltr'><strong>Consilio</strong></span> <span class='ocrx_word' id='word_1_183' title='bbox 558 3102 605 3154; x_wconf 88' lang='lat' dir='ltr'><strong>pro</strong></span> <span class='ocrx_word' id='word_1_184' title='bbox 626 3081 738 3140; x_wconf 74' lang='lat' dir='ltr'><strong>Concilio</strong></span> <span class='ocrx_word' id='word_1_185' title='bbox 754 3085 838 3153; x_wconf 80' lang='lat' dir='ltr'><strong>recepi</strong></span> <span class='ocrx_word' id='word_1_186' title='bbox 890 3083 1247 3138; x_wconf 83' lang='lat' dir='ltr'><strong>maeoconstauterdicuntur</strong></span> <span class='ocrx_word' id='word_1_187' title='bbox 1260 3084 1421 3155; x_wconf 66' lang='grc' dir='ltr'>Σὺγαμβροι,</span> 
     </span>
     <span class='ocr_line' id='line_1_27' title="bbox 308 3151 1420 3224; baseline 0 -18"><span class='ocrx_word' id='word_1_188' title='bbox 308 3169 340 3206; x_wconf 82' lang='lat' dir='ltr'><strong>ex</strong></span> <span class='ocrx_word' id='word_1_189' title='bbox 361 3155 461 3206; x_wconf 70' lang='lat' dir='ltr'><strong>imit.</strong></span> <span class='ocrx_word' id='word_1_190' title='bbox 481 3157 509 3204; x_wconf 88' lang='grc'><strong>24</strong></span> <span class='ocrx_word' id='word_1_191' title='bbox 529 3171 544 3205; x_wconf 90' lang='lat' dir='ltr'><strong>a</strong></span> <span class='ocrx_word' id='word_1_192' title='bbox 566 3171 602 3205; x_wconf 87' lang='lat' dir='ltr'><strong>m.</strong></span> <span class='ocrx_word' id='word_1_193' title='bbox 623 3171 662 3222; x_wconf 89' lang='lat' dir='ltr'><strong>pr.</strong></span> <span class='ocrx_word' id='word_1_194' title='bbox 678 3159 720 3207; x_wconf 79' lang='lat'><strong>2³.</strong></span> <span class='ocrx_word' id='word_1_195' title='bbox 742 3159 783 3206; x_wconf 85' lang='lat'><strong>24.</strong></span> <span class='ocrx_word' id='word_1_196' title='bbox 795 3160 838 3207; x_wconf 86' lang='grc'><strong>27.</strong></span> <span class='ocrx_word' id='word_1_197' title='bbox 889 3152 1009 3206; x_wconf 87' lang='lat' dir='ltr'><strong>Straboni</strong></span> <span class='ocrx_word' id='word_1_198' title='bbox 1032 3153 1075 3204; x_wconf 83' lang='lat' dir='ltr'><strong>lv.</strong></span> <span class='ocrx_word' id='word_1_199' title='bbox 1092 3172 1117 3221; x_wconf 91' lang='lat' dir='ltr'><strong>p.</strong></span> <span class='ocrx_word' id='word_1_200' title='bbox 1137 3157 1231 3204; x_wconf 78' lang='grc'><strong>49444</strong></span> <span class='ocrx_word' id='word_1_201' title='bbox 1247 3151 1280 3203; x_wconf 87' lang='lat' dir='ltr'><strong>al.</strong></span> <span class='ocrx_word' id='word_1_202' title='bbox 1299 3152 1420 3224; x_wconf 73' lang='grc' dir='ltr'><strong>Σούγαμ-</strong></span> 
     </span>
     <span class='ocr_line' id='line_1_28' title="bbox 304 3217 1417 3294; baseline 0.001 -20"><span class='ocrx_word' id='word_1_203' title='bbox 304 3226 350 3275; x_wconf 83' lang='grc'><strong>45.</strong></span> <span class='ocrx_word' id='word_1_204' title='bbox 360 3219 404 3275; x_wconf 89' lang='grc'><strong>47.</strong></span> <span class='ocrx_word' id='word_1_205' title='bbox 418 3226 459 3274; x_wconf 84' lang='grc'><strong>50.</strong></span> <span class='ocrx_word' id='word_1_206' title='bbox 475 3227 516 3275; x_wconf 78' lang='grc'><strong>57.</strong></span> <span class='ocrx_word' id='word_1_207' title='bbox 534 3227 574 3274; x_wconf 92' lang='grc'><strong>64.</strong></span> <span class='ocrx_word' id='word_1_208' title='bbox 587 3219 628 3273; x_wconf 83' lang='lat' dir='ltr'><strong>Cf.</strong></span> <span class='ocrx_word' id='word_1_209' title='bbox 640 3220 672 3272; x_wconf 84' lang='lat' dir='ltr'><strong>ad</strong></span> <span class='ocrx_word' id='word_1_210' title='bbox 684 3241 709 3274; x_wconf 88' lang='lat' dir='ltr'><strong>v.</strong></span> <span class='ocrx_word' id='word_1_211' title='bbox 722 3228 763 3276; x_wconf 86' lang='grc'><strong>73.</strong></span> <span class='ocrx_word' id='word_1_212' title='bbox 888 3222 966 3294; x_wconf 63' lang='lat' dir='ltr'><strong>ppei,</strong></span> <span class='ocrx_word' id='word_1_213' title='bbox 983 3231 1013 3273; x_wconf 88' lang='lat' dir='ltr'><strong>ut</strong></span> <span class='ocrx_word' id='word_1_214' title='bbox 1029 3217 1161 3289; x_wconf 71' lang='lat' dir='ltr'><strong>Sugambri</strong></span> <span class='ocrx_word' id='word_1_215' title='bbox 1173 3221 1236 3272; x_wconf 88' lang='lat' dir='ltr'><strong>Tac.</strong></span> <span class='ocrx_word' id='word_1_216' title='bbox 1253 3221 1322 3272; x_wconf 78' lang='lat' dir='ltr'><strong>Anu.</strong></span> <span class='ocrx_word' id='word_1_217' title='bbox 1336 3226 1361 3288; x_wconf 82' lang='lat'><strong>2,</strong></span> <span class='ocrx_word' id='word_1_218' title='bbox 1375 3227 1417 3276; x_wconf 87' lang='grc'><strong>26.</strong></span> 
     </span>
    </p>

    <p class='ocr_par' dir='ltr' id='par_1_13' title="bbox 342 3285 1091 3367">
     <span class='ocr_line' id='line_1_29' title="bbox 342 3285 1091 3367; baseline -0.005 -25"><span class='ocrx_word' id='word_1_219' title='bbox 342 3293 400 3342; x_wconf 85' lang='grc'><strong>447.</strong></span> <span class='ocrx_word' id='word_1_220' title='bbox 421 3287 492 3343; x_wconf 77' lang='lat' dir='ltr'><strong>Getis</strong></span> <span class='ocrx_word' id='word_1_221' title='bbox 507 3306 554 3358; x_wconf 86' lang='lat' dir='ltr'><strong>pro</strong></span> <span class='ocrx_word' id='word_1_222' title='bbox 568 3285 636 3340; x_wconf 76' lang='lat' dir='ltr'><strong>Cau·</strong></span> <span class='ocrx_word' id='word_1_223' title='bbox 653 3294 700 3367; x_wconf 50' lang='grc'><strong>,444</strong></span> <span class='ocrx_word' id='word_1_224' title='bbox 716 3295 757 3342; x_wconf 86' lang='grc'><strong>42.</strong></span> <span class='ocrx_word' id='word_1_225' title='bbox 771 3293 837 3341; x_wconf 88' lang='grc'><strong>44-</strong></span> <span class='ocrx_word' id='word_1_226' title='bbox 890 3296 975 3353; x_wconf 88' lang='grc'><strong>4,47.</strong></span> <span class='ocrx_word' id='word_1_227' title='bbox 990 3291 1037 3356; x_wconf 84' lang='grc'><strong>44,</strong></span> <span class='ocrx_word' id='word_1_228' title='bbox 1050 3294 1091 3342; x_wconf 76' lang='grc'><strong>39.</strong></span> 
     </span>
    </p>

    <p class='ocr_par' dir='ltr' id='par_1_14' title="bbox 305 3353 1424 4510">
     <span class='ocr_line' id='line_1_30' title="bbox 305 3353 1417 3425; baseline 0 -17"><span class='ocrx_word' id='word_1_229' title='bbox 305 3363 349 3410; x_wconf 83' lang='grc'><strong>44.</strong></span> <span class='ocrx_word' id='word_1_230' title='bbox 364 3359 473 3414; x_wconf 78' lang='grc'><strong>49-44.</strong></span> <span class='ocrx_word' id='word_1_231' title='bbox 485 3363 528 3411; x_wconf 81' lang='lat'><strong>2⁵.</strong></span> <span class='ocrx_word' id='word_1_232' title='bbox 544 3361 586 3410; x_wconf 80' lang='grc'><strong>44.</strong></span> <span class='ocrx_word' id='word_1_233' title='bbox 605 3363 637 3409; x_wconf 80' lang='grc'><strong>40</strong></span> <span class='ocrx_word' id='word_1_234' title='bbox 673 3363 714 3410; x_wconf 82' lang='grc'><strong>44.</strong></span> <span class='ocrx_word' id='word_1_235' title='bbox 728 3363 837 3411; x_wconf 81' lang='lat'><strong>56-63.</strong></span> <span class='ocrx_word' id='word_1_236' title='bbox 924 3362 980 3411; x_wconf 83' lang='grc'><strong>444.</strong></span> <span class='ocrx_word' id='word_1_237' title='bbox 998 3356 1031 3408; x_wconf 76' lang='lat' dir='ltr'><strong>cte</strong></span> <span class='ocrx_word' id='word_1_238' title='bbox 1047 3375 1093 3425; x_wconf 80' lang='lat' dir='ltr'><strong>pro</strong></span> <span class='ocrx_word' id='word_1_239' title='bbox 1109 3368 1134 3408; x_wconf 78' lang='lat' dir='ltr'><strong>et</strong></span> <span class='ocrx_word' id='word_1_240' title='bbox 1153 3356 1194 3410; x_wconf 84' lang='grc'><strong>45.</strong></span> <span class='ocrx_word' id='word_1_241' title='bbox 1207 3366 1231 3406; x_wconf 73' lang='lat' dir='ltr'><strong>aa</strong></span> <span class='ocrx_word' id='word_1_242' title='bbox 1244 3353 1314 3407; x_wconf 78' lang='lat' dir='ltr'><strong>abest</strong></span> <span class='ocrx_word' id='word_1_243' title='bbox 1327 3355 1360 3409; x_wconf 85' lang='lat' dir='ltr'><strong>ab</strong></span> <span class='ocrx_word' id='word_1_244' title='bbox 1376 3361 1417 3409; x_wconf 89' lang='grc'><strong>40.</strong></span> 
     </span>
     <span class='ocr_line' id='line_1_31' title="bbox 306 3425 1419 3492; baseline 0.002 -16"><span class='ocrx_word' id='word_1_245' title='bbox 306 3427 349 3476; x_wconf 78' lang='lat'><strong>65.</strong></span> <span class='ocrx_word' id='word_1_246' title='bbox 362 3429 472 3478; x_wconf 84' lang='grc'><strong>67-69,</strong></span> <span class='ocrx_word' id='word_1_247' title='bbox 485 3435 511 3478; x_wconf 88' lang='lat' dir='ltr'><strong>et</strong></span> <span class='ocrx_word' id='word_1_248' title='bbox 523 3441 614 3477; x_wconf 85' lang='lat' dir='ltr'><strong>omnes</strong></span> <span class='ocrx_word' id='word_1_249' title='bbox 626 3425 750 3492; x_wconf 78' lang='lat' dir='ltr'>(XXXV)</span> <span class='ocrx_word' id='word_1_250' title='bbox 762 3425 837 3478; x_wconf 87' lang='lat' dir='ltr'><strong>codd.</strong></span> <span class='ocrx_word' id='word_1_251' title='bbox 890 3432 930 3479; x_wconf 91' lang='grc'><strong>44.</strong></span> <span class='ocrx_word' id='word_1_252' title='bbox 946 3431 987 3480; x_wconf 86' lang='grc'><strong>44.</strong></span> <span class='ocrx_word' id='word_1_253' title='bbox 1009 3429 1049 3476; x_wconf 93' lang='grc'><strong>46.</strong></span> <span class='ocrx_word' id='word_1_254' title='bbox 1061 3427 1170 3480; x_wconf 88' lang='grc'><strong>24-27.</strong></span> <span class='ocrx_word' id='word_1_255' title='bbox 1184 3427 1293 3476; x_wconf 81' lang='grc'><strong>46-50.</strong></span> <span class='ocrx_word' id='word_1_256' title='bbox 1308 3429 1419 3479; x_wconf 82' lang='grc'><strong>54-69.</strong></span> 
     </span>
     <span class='ocr_line' id='line_1_32' title="bbox 305 3489 1052 3547; baseline 0 -3"><span class='ocrx_word' id='word_1_257' title='bbox 305 3489 387 3544; x_wconf 83' lang='lat' dir='ltr'><strong>Paris.</strong></span> <span class='ocrx_word' id='word_1_258' title='bbox 406 3502 495 3545; x_wconf 86' lang='lat' dir='ltr'><strong>contra</strong></span> <span class='ocrx_word' id='word_1_259' title='bbox 511 3491 643 3544; x_wconf 80' lang='lat' dir='ltr'><strong>historiam</strong></span> <span class='ocrx_word' id='word_1_260' title='bbox 666 3503 691 3545; x_wconf 82' lang='lat' dir='ltr'><strong>et</strong></span> <span class='ocrx_word' id='word_1_261' title='bbox 707 3493 785 3546; x_wconf 89' lang='lat' dir='ltr'><strong>metri</strong></span> <span class='ocrx_word' id='word_1_262' title='bbox 799 3493 835 3544; x_wconf 87' lang='lat' dir='ltr'><strong>le·</strong></span> <span class='ocrx_word' id='word_1_263' title='bbox 888 3500 996 3547; x_wconf 81' lang='grc'><strong>74-74,</strong></span> <span class='ocrx_word' id='word_1_264' title='bbox 1009 3499 1052 3546; x_wconf 92' lang='grc'><strong>77.</strong></span> 
     </span>
     <span class='ocr_line' id='line_1_33' title="bbox 305 3558 1422 3682; baseline 0.002 -4"><span class='ocrx_word' id='word_1_265' title='bbox 305 3558 599 3681; x_wconf 66' lang='grc'><strong>44.-44444·</strong></span> <span class='ocrx_word' id='word_1_266' title='bbox 922 3561 1422 3682; x_wconf 63' lang='grc'><strong>4444444444-44</strong></span> 
     </span>
     <span class='ocr_line' id='line_1_34' title="bbox 441 3647 1406 3682; baseline -0.004 0"><span class='ocrx_word' id='word_1_267' title='bbox 441 3665 447 3682; x_wconf 94' lang='lat' dir='ltr'><strong>s</strong></span> <span class='ocrx_word' id='word_1_268' title='bbox 539 3647 605 3679; x_wconf 68' lang='grc'><strong>3.</strong></span> <span class='ocrx_word' id='word_1_269' title='bbox 739 3647 1100 3681; x_wconf 68' lang='grc' dir='ltr'><strong>ιαο43““ι““4</strong></span> <span class='ocrx_word' id='word_1_270' title='bbox 1231 3647 1406 3679; x_wconf 66' lang='grc' dir='ltr'><strong>ο-’.Ε</strong></span> 
     </span>
     <span class='ocr_line' id='line_1_35' title="bbox 305 3695 1178 3767; baseline -0.001 -22"><span class='ocrx_word' id='word_1_271' title='bbox 305 3697 350 3748; x_wconf 81' lang='grc'><strong>66.</strong></span> <span class='ocrx_word' id='word_1_272' title='bbox 365 3696 449 3750; x_wconf 79' lang='lat' dir='ltr'><strong>Giatis</strong></span> <span class='ocrx_word' id='word_1_273' title='bbox 478 3695 573 3748; x_wconf 85' lang='lat' dir='ltr'><strong>Lubini</strong></span> <span class='ocrx_word' id='word_1_274' title='bbox 587 3704 661 3748; x_wconf 88' lang='lat' dir='ltr'><strong>vetus</strong></span> <span class='ocrx_word' id='word_1_275' title='bbox 676 3707 835 3749; x_wconf 82' lang='lat' dir='ltr'><strong>commenta·</strong></span> <span class='ocrx_word' id='word_1_276' title='bbox 868 3695 1085 3767; x_wconf 77' lang='lat' dir='ltr'><strong>&#39;pleriquccodd</strong></span> <span class='ocrx_word' id='word_1_277' title='bbox 1100 3695 1178 3746; x_wconf 85' lang='lat' dir='ltr'><strong>Paris.</strong></span> 
     </span>
     <span class='ocr_line' id='line_1_36' title="bbox 308 3761 1420 3834; baseline 0.003 -22"><span class='ocrx_word' id='word_1_278' title='bbox 308 3769 359 3823; x_wconf 87' lang='lat' dir='ltr'><strong>tor,</strong></span> <span class='ocrx_word' id='word_1_279' title='bbox 382 3761 427 3834; x_wconf 90' lang='lat' dir='ltr'><strong>qui</strong></span> <span class='ocrx_word' id='word_1_280' title='bbox 446 3762 524 3816; x_wconf 84' lang='lat' dir='ltr'><strong>etism</strong></span> <span class='ocrx_word' id='word_1_281' title='bbox 543 3771 650 3828; x_wconf 83' lang='lat' dir='ltr'><strong>monet,</strong></span> <span class='ocrx_word' id='word_1_282' title='bbox 676 3764 765 3816; x_wconf 79' lang='lat' dir='ltr'><strong>Gtatas</strong></span> <span class='ocrx_word' id='word_1_283' title='bbox 783 3781 838 3817; x_wconf 85' lang='lat' dir='ltr'><strong>esse</strong></span> <span class='ocrx_word' id='word_1_284' title='bbox 924 3765 1315 3832; x_wconf 65' lang='lat' dir='ltr'><strong>⁴50.nragispodust5.2⁰.2t.</strong></span> <span class='ocrx_word' id='word_1_285' title='bbox 1342 3767 1420 3815; x_wconf 86' lang='grc'><strong>77.-</strong></span> 
     </span>
     <span class='ocr_line' id='line_1_37' title="bbox 307 3827 1413 3902; baseline 0.003 -23"><span class='ocrx_word' id='word_1_286' title='bbox 307 3827 569 3902; x_wconf 75' lang='lat' dir='ltr'><strong>Scotcs-torts&#39;sqroe</strong></span> <span class='ocrx_word' id='word_1_287' title='bbox 587 3829 716 3883; x_wconf 85' lang='lat' dir='ltr'><strong>malebant</strong></span> <span class='ocrx_word' id='word_1_288' title='bbox 744 3829 835 3895; x_wconf 84' lang='lat' dir='ltr'><strong>Valla,</strong></span> <span class='ocrx_word' id='word_1_289' title='bbox 887 3832 931 3883; x_wconf 80' lang='grc'><strong>4444</strong></span> <span class='ocrx_word' id='word_1_290' title='bbox 945 3851 991 3902; x_wconf 91' lang='lat' dir='ltr'><strong>pro</strong></span> <span class='ocrx_word' id='word_1_291' title='bbox 1009 3831 1057 3883; x_wconf 80' lang='lat' dir='ltr'><strong>itia</strong></span> <span class='ocrx_word' id='word_1_292' title='bbox 1076 3829 1174 3882; x_wconf 80' lang='lat' dir='ltr'><strong>restitui</strong></span> <span class='ocrx_word' id='word_1_293' title='bbox 1195 3847 1225 3880; x_wconf 79' lang='lat' dir='ltr'><strong>ex</strong></span> <span class='ocrx_word' id='word_1_294' title='bbox 1240 3835 1263 3880; x_wconf 91' lang='grc'><strong>7.</strong></span> <span class='ocrx_word' id='word_1_295' title='bbox 1279 3835 1319 3880; x_wconf 86' lang='grc'><strong>47.</strong></span> <span class='ocrx_word' id='word_1_296' title='bbox 1334 3834 1413 3882; x_wconf 71' lang='lat' dir='ltr'><strong>tunt</strong></span> 
     </span>
     <span class='ocr_line' id='line_1_38' title="bbox 306 3893 1416 3968; baseline 0.001 -21"><span class='ocrx_word' id='word_1_297' title='bbox 306 3893 424 3967; x_wconf 60' lang='lat' dir='ltr'><strong>Grang„</strong></span> <span class='ocrx_word' id='word_1_298' title='bbox 449 3897 560 3968; x_wconf 73' lang='lat' dir='ltr'><strong>Sebegk.</strong></span> <span class='ocrx_word' id='word_1_299' title='bbox 584 3898 612 3950; x_wconf 93' lang='lat' dir='ltr'><strong>in</strong></span> <span class='ocrx_word' id='word_1_300' title='bbox 640 3898 787 3952; x_wconf 85' lang='lat' dir='ltr'><strong>Praemissls</strong></span> <span class='ocrx_word' id='word_1_301' title='bbox 811 3911 838 3952; x_wconf 83' lang='lat' dir='ltr'><strong>et</strong></span> <span class='ocrx_word' id='word_1_302' title='bbox 888 3917 951 3951; x_wconf 86' lang='lat' dir='ltr'><strong>am.</strong></span> <span class='ocrx_word' id='word_1_303' title='bbox 970 3917 1020 3951; x_wconf 89' lang='lat' dir='ltr'><strong>sec.</strong></span> <span class='ocrx_word' id='word_1_304' title='bbox 1034 3903 1074 3951; x_wconf 92' lang='grc'><strong>22.</strong></span> <span class='ocrx_word' id='word_1_305' title='bbox 1086 3903 1127 3951; x_wconf 89' lang='grc'><strong>29.</strong></span> <span class='ocrx_word' id='word_1_306' title='bbox 1142 3908 1168 3949; x_wconf 86' lang='lat' dir='ltr'><strong>et</strong></span> <span class='ocrx_word' id='word_1_307' title='bbox 1193 3895 1323 3948; x_wconf 85' lang='lat' dir='ltr'><strong>nonnullis</strong></span> <span class='ocrx_word' id='word_1_308' title='bbox 1340 3896 1416 3949; x_wconf 89' lang='lat' dir='ltr'><strong>codd.</strong></span> 
     </span>
     <span class='ocr_line' id='line_1_39' title="bbox 306 3963 1415 4035; baseline 0.003 -21"><span class='ocrx_word' id='word_1_309' title='bbox 306 3963 423 4017; x_wconf 79' lang='lat' dir='ltr'><strong>Ramires</strong></span> <span class='ocrx_word' id='word_1_310' title='bbox 439 3965 473 4017; x_wconf 81' lang='lat' dir='ltr'><strong>ad</strong></span> <span class='ocrx_word' id='word_1_311' title='bbox 488 3965 601 4020; x_wconf 81' lang='lat' dir='ltr'><strong>Martial.</strong></span> <span class='ocrx_word' id='word_1_312' title='bbox 619 3965 742 4035; x_wconf 83' lang='lat' dir='ltr'><strong>despect.</strong></span> <span class='ocrx_word' id='word_1_313' title='bbox 763 3973 836 4028; x_wconf 80' lang='lat'><strong>4,9.</strong></span> <span class='ocrx_word' id='word_1_314' title='bbox 887 3969 965 4020; x_wconf 82' lang='lat' dir='ltr'><strong>Paris.</strong></span> <span class='ocrx_word' id='word_1_315' title='bbox 984 3969 1021 4018; x_wconf 88' lang='lat' dir='ltr'><strong>lm</strong></span> <span class='ocrx_word' id='word_1_316' title='bbox 1056 3965 1415 4032; x_wconf 78' lang='lat' dir='ltr'><strong>rtunavoxr&#39;lla,quamne·</strong></span> 
     </span>
     <span class='ocr_line' id='line_1_40' title="bbox 308 4027 1250 4104; baseline 0.004 -22"><span class='ocrx_word' id='word_1_317' title='bbox 308 4027 422 4085; x_wconf 59' lang='lat' dir='ltr'><strong>cetratus</strong></span> <span class='ocrx_word' id='word_1_318' title='bbox 440 4033 466 4083; x_wconf 84' lang='lat' dir='ltr'><strong>iu</strong></span> <span class='ocrx_word' id='word_1_319' title='bbox 485 4034 578 4086; x_wconf 85' lang='lat' dir='ltr'><strong>nodum</strong></span> <span class='ocrx_word' id='word_1_320' title='bbox 599 4039 670 4087; x_wconf 84' lang='lat' dir='ltr'><strong>tortis</strong></span> <span class='ocrx_word' id='word_1_321' title='bbox 680 4051 768 4086; x_wconf 80' lang='lat' dir='ltr'><strong>venere</strong></span> <span class='ocrx_word' id='word_1_322' title='bbox 781 4032 836 4104; x_wconf 71' lang='lat' dir='ltr'><strong>Sy·</strong></span> <span class='ocrx_word' id='word_1_323' title='bbox 887 4033 951 4086; x_wconf 87' lang='lat' dir='ltr'><strong>mini</strong></span> <span class='ocrx_word' id='word_1_324' title='bbox 966 4033 1023 4104; x_wconf 91' lang='lat' dir='ltr'><strong>disp</strong></span> <span class='ocrx_word' id='word_1_325' title='bbox 1034 4033 1128 4086; x_wconf 73' lang='lat' dir='ltr'><strong>ieuiaa</strong></span> <span class='ocrx_word' id='word_1_326' title='bbox 1141 4032 1250 4086; x_wconf 82' lang='lat' dir='ltr'><strong>mireris.</strong></span> 
     </span>
     <span class='ocr_line' id='line_1_41' title="bbox 306 4099 1424 4168; baseline -0.004 -15"><span class='ocrx_word' id='word_1_327' title='bbox 306 4099 415 4165; x_wconf 68' lang='grc'><strong>4444444.</strong></span> <span class='ocrx_word' id='word_1_328' title='bbox 433 4100 473 4154; x_wconf 82' lang='lat' dir='ltr'><strong>ct.</strong></span> <span class='ocrx_word' id='word_1_329' title='bbox 490 4099 538 4153; x_wconf 78' lang='lat' dir='ltr'><strong>inf.</strong></span> <span class='ocrx_word' id='word_1_330' title='bbox 555 4107 602 4164; x_wconf 78' lang='grc'><strong>44,</strong></span> <span class='ocrx_word' id='word_1_331' title='bbox 624 4107 681 4155; x_wconf 74' lang='lat' dir='ltr'><strong>aes.</strong></span> <span class='ocrx_word' id='word_1_332' title='bbox 700 4111 727 4154; x_wconf 82' lang='lat' dir='ltr'><strong>es</strong></span> <span class='ocrx_word' id='word_1_333' title='bbox 743 4103 837 4156; x_wconf 72' lang='lat' dir='ltr'><strong>Smetri</strong></span> <span class='ocrx_word' id='word_1_334' title='bbox 922 4109 979 4155; x_wconf 79' lang='grc'><strong>454.</strong></span> <span class='ocrx_word' id='word_1_335' title='bbox 996 4103 1081 4152; x_wconf 68' lang='lat' dir='ltr'><strong>clarae</strong></span> <span class='ocrx_word' id='word_1_336' title='bbox 1093 4119 1150 4168; x_wconf 63' lang='lat' dir='ltr'><strong>qa</strong></span> <span class='ocrx_word' id='word_1_337' title='bbox 1169 4101 1207 4154; x_wconf 85' lang='lat' dir='ltr'><strong>V.</strong></span> <span class='ocrx_word' id='word_1_338' title='bbox 1225 4100 1339 4152; x_wconf 76' lang='lat' dir='ltr'><strong>masam</strong></span> <span class='ocrx_word' id='word_1_339' title='bbox 1355 4103 1424 4160; x_wconf 16' lang='lat' dir='ltr'><strong>ant-v</strong></span> 
     </span>
     <span class='ocr_line' id='line_1_42' title="bbox 306 4166 1417 4240; baseline 0.005 -26"><span class='ocrx_word' id='word_1_340' title='bbox 306 4173 360 4216; x_wconf 82' lang='lat' dir='ltr'><strong>ant.</strong></span> <span class='ocrx_word' id='word_1_341' title='bbox 371 4183 458 4220; x_wconf 80' lang='lat' dir='ltr'><strong>neom.</strong></span> <span class='ocrx_word' id='word_1_342' title='bbox 468 4187 494 4237; x_wconf 93' lang='lat' dir='ltr'><strong>p.</strong></span> <span class='ocrx_word' id='word_1_343' title='bbox 508 4171 549 4222; x_wconf 87' lang='grc'><strong>70.</strong></span> <span class='ocrx_word' id='word_1_344' title='bbox 567 4167 612 4222; x_wconf 91' lang='lat' dir='ltr'><strong>ubi</strong></span> <span class='ocrx_word' id='word_1_345' title='bbox 623 4167 837 4240; x_wconf 75' lang='lat' dir='ltr'><strong>XllSygambro·</strong></span> <span class='ocrx_word' id='word_1_346' title='bbox 887 4189 940 4222; x_wconf 81' lang='lat' dir='ltr'><strong>mas</strong></span> <span class='ocrx_word' id='word_1_347' title='bbox 955 4173 996 4224; x_wconf 86' lang='grc'><strong>60.</strong></span> <span class='ocrx_word' id='word_1_348' title='bbox 1010 4176 1051 4222; x_wconf 86' lang='grc'><strong>65.</strong></span> <span class='ocrx_word' id='word_1_349' title='bbox 1077 4169 1189 4221; x_wconf 78' lang='lat' dir='ltr'><strong>illustres</strong></span> <span class='ocrx_word' id='word_1_350' title='bbox 1209 4186 1309 4238; x_wconf 87' lang='lat' dir='ltr'><strong>quoque</strong></span> <span class='ocrx_word' id='word_1_351' title='bbox 1329 4166 1355 4217; x_wconf 91' lang='lat' dir='ltr'><strong>in</strong></span> <span class='ocrx_word' id='word_1_352' title='bbox 1373 4172 1417 4220; x_wconf 79' lang='grc'><strong>25.</strong></span> 
     </span>
     <span class='ocr_line' id='line_1_43' title="bbox 306 4233 1416 4305; baseline 0.005 -23"><span class='ocrx_word' id='word_1_353' title='bbox 306 4248 367 4282; x_wconf 89' lang='lat' dir='ltr'><strong>rum</strong></span> <span class='ocrx_word' id='word_1_354' title='bbox 386 4235 468 4302; x_wconf 81' lang='lat' dir='ltr'><strong>capita</strong></span> <span class='ocrx_word' id='word_1_355' title='bbox 481 4253 596 4305; x_wconf 81' lang='lat' dir='ltr'><strong>expressa</strong></span> <span class='ocrx_word' id='word_1_356' title='bbox 612 4235 685 4288; x_wconf 89' lang='lat' dir='ltr'><strong>vultu</strong></span> <span class='ocrx_word' id='word_1_357' title='bbox 704 4237 769 4289; x_wconf 87' lang='lat' dir='ltr'><strong>truci</strong></span> <span class='ocrx_word' id='word_1_358' title='bbox 780 4239 832 4290; x_wconf 88' lang='lat' dir='ltr'><strong>cri·</strong></span> <span class='ocrx_word' id='word_1_359' title='bbox 886 4243 929 4291; x_wconf 92' lang='grc'><strong>27.</strong></span> <span class='ocrx_word' id='word_1_360' title='bbox 957 4243 1064 4291; x_wconf 85' lang='grc'><strong>46-48.</strong></span> <span class='ocrx_word' id='word_1_361' title='bbox 1093 4244 1202 4292; x_wconf 84' lang='grc'><strong>56-59.</strong></span> <span class='ocrx_word' id='word_1_362' title='bbox 1223 4242 1263 4289; x_wconf 88' lang='grc'><strong>64.</strong></span> <span class='ocrx_word' id='word_1_363' title='bbox 1302 4233 1416 4287; x_wconf 80' lang='lat' dir='ltr'><strong>Vindice</strong></span> 
     </span>
     <span class='ocr_line' id='line_1_44' title="bbox 306 4297 1416 4373; baseline 0 -24"><span class='ocrx_word' id='word_1_364' title='bbox 306 4297 432 4368; x_wconf 82' lang='lat' dir='ltr'><strong>tribusque</strong></span> <span class='ocrx_word' id='word_1_365' title='bbox 452 4299 479 4354; x_wconf 88' lang='lat' dir='ltr'><strong>in</strong></span> <span class='ocrx_word' id='word_1_366' title='bbox 493 4302 590 4356; x_wconf 88' lang='lat' dir='ltr'><strong>nodum</strong></span> <span class='ocrx_word' id='word_1_367' title='bbox 604 4303 685 4356; x_wconf 87' lang='lat' dir='ltr'><strong>tortis.</strong></span> <span class='ocrx_word' id='word_1_368' title='bbox 699 4303 749 4356; x_wconf 84' lang='lat' dir='ltr'><strong>Sed</strong></span> <span class='ocrx_word' id='word_1_369' title='bbox 762 4305 834 4373; x_wconf 79' lang='lat' dir='ltr'><strong>polita</strong></span> <span class='ocrx_word' id='word_1_370' title='bbox 886 4306 954 4357; x_wconf 84' lang='lat' dir='ltr'><strong>nullo</strong></span> <span class='ocrx_word' id='word_1_371' title='bbox 966 4304 1077 4358; x_wconf 87' lang='lat' dir='ltr'><strong>malebat</strong></span> <span class='ocrx_word' id='word_1_372' title='bbox 1094 4307 1122 4356; x_wconf 89' lang='lat' dir='ltr'><strong>C.</strong></span> <span class='ocrx_word' id='word_1_373' title='bbox 1141 4305 1226 4356; x_wconf 83' lang='lat' dir='ltr'><strong>Vates.</strong></span> <span class='ocrx_word' id='word_1_374' title='bbox 1240 4313 1268 4354; x_wconf 91' lang='lat' dir='ltr'><strong>ut</strong></span> <span class='ocrx_word' id='word_1_375' title='bbox 1285 4300 1362 4352; x_wconf 83' lang='lat' dir='ltr'><strong>simul</strong></span> <span class='ocrx_word' id='word_1_376' title='bbox 1377 4301 1416 4350; x_wconf 90' lang='lat' dir='ltr'><strong>al·</strong></span> 
     </span>
     <span class='ocr_line' id='line_1_45' title="bbox 306 4365 1417 4441; baseline 0.005 -25"><span class='ocrx_word' id='word_1_377' title='bbox 306 4365 464 4435; x_wconf 74' lang='lat' dir='ltr'><strong>Sygambros</strong></span> <span class='ocrx_word' id='word_1_378' title='bbox 488 4387 541 4422; x_wconf 89' lang='lat' dir='ltr'><strong>non</strong></span> <span class='ocrx_word' id='word_1_379' title='bbox 566 4371 653 4441; x_wconf 85' lang='lat' dir='ltr'><strong>simpl.</strong></span> <span class='ocrx_word' id='word_1_380' title='bbox 678 4383 755 4424; x_wconf 83' lang='lat' dir='ltr'><strong>tortos</strong></span> <span class='ocrx_word' id='word_1_381' title='bbox 786 4372 835 4426; x_wconf 87' lang='lat' dir='ltr'><strong>hoc</strong></span> <span class='ocrx_word' id='word_1_382' title='bbox 884 4372 989 4425; x_wconf 86' lang='lat' dir='ltr'><strong>ludatur</strong></span> <span class='ocrx_word' id='word_1_383' title='bbox 1013 4374 1046 4426; x_wconf 85' lang='lat' dir='ltr'><strong>ad</strong></span> <span class='ocrx_word' id='word_1_384' title='bbox 1064 4372 1217 4435; x_wconf 85' lang='lat' dir='ltr'><strong>Vindicem,</strong></span> <span class='ocrx_word' id='word_1_385' title='bbox 1238 4371 1282 4437; x_wconf 84' lang='lat' dir='ltr'><strong>qui</strong></span> <span class='ocrx_word' id='word_1_386' title='bbox 1304 4368 1417 4421; x_wconf 84' lang='lat' dir='ltr'><strong>Neronis</strong></span> 
     </span>
     <span class='ocr_line' id='line_1_46' title="bbox 307 4435 1359 4510; baseline 0.005 -25"><span class='ocrx_word' id='word_1_387' title='bbox 307 4449 384 4488; x_wconf 83' lang='lat' dir='ltr'><strong>sensu</strong></span> <span class='ocrx_word' id='word_1_388' title='bbox 397 4435 511 4508; x_wconf 77' lang='lat' dir='ltr'><strong>dixisset5</strong></span> <span class='ocrx_word' id='word_1_389' title='bbox 528 4437 631 4510; x_wconf 73' lang='lat' dir='ltr'><strong>vulgata</strong></span> <span class='ocrx_word' id='word_1_390' title='bbox 643 4457 747 4510; x_wconf 82' lang='lat' dir='ltr'><strong>quoquc</strong></span> <span class='ocrx_word' id='word_1_391' title='bbox 759 4437 834 4496; x_wconf 88' lang='grc'><strong>444440</strong></span> <span class='ocrx_word' id='word_1_392' title='bbox 885 4439 1062 4496; x_wconf 79' lang='lat' dir='ltr'><strong>crudelitatem</strong></span> <span class='ocrx_word' id='word_1_393' title='bbox 1078 4439 1220 4496; x_wconf 78' lang='lat' dir='ltr'><strong>delectione</strong></span> <span class='ocrx_word' id='word_1_394' title='bbox 1233 4436 1359 4508; x_wconf 82' lang='lat' dir='ltr'><strong>repressit.</strong></span> 
     </span>
    </p>
   </div>
   <div class='ocr_carea' id='block_1_5' title="bbox 306 2889 339 2937">
    <p class='ocr_par' dir='ltr' id='par_1_15' title="bbox 306 2889 339 2937">
     <span class='ocr_line' id='line_1_47' title="bbox 306 2889 339 2937; baseline -0.03 0"><span class='ocrx_word' id='word_1_395' title='bbox 306 2889 339 2937; x_wconf 83' lang='grc'><strong>64</strong></span> 
     </span>
    </p>
   </div>
   <div class='ocr_carea' id='block_1_6' title="bbox 0 0 1558 5494">
    <p class='ocr_par' dir='ltr' id='par_1_16' title="bbox 0 0 1558 5494">
     <span class='ocr_line' id='line_1_48' title="bbox 0 0 1558 5494; baseline 0 0"><span class='ocrx_word' id='word_1_396' title='bbox 0 0 1558 5494; x_wconf 95' lang='lat' dir='ltr'><strong> </strong></span> 
     </span>
    </p>
   </div>
  </div>
 </body>
</html>
