3056 5490
567 414 861 504 sariunt..
990 395 994 406 '
1151 399 1238 496 441

126 618 233 709 Quae
254 611 434 690 dederam
453 639 590 717 supra,
609 629 743 717 repeto
755 609 993 716 ‚dunemque
1013 606 1168 686 reduco.

123 731 187 809 Nil
205 731 274 806 tibi
293 732 478 806 concessit
498 733 622 806 ratio:
643 729 803 831 digitum
821 755 950 805 exsere
966 784 976 820 ,
995 755 1142 833 peccas.

123 853 183 957 Et
195 846 290 954 quid
305 865 381 923 tam
398 875 555 952 parvum
576 851 661 922 est?
682 847 747 920 sed
765 843 873 922 nullo
893 846 1005 922 thure
1024 845 1170 937 litabis,

123 967 288 1046 Haereat
304 969 345 1040 in
361 963 484 1040 stultis
503 963 627 1042 brevis
648 981 691 1038 ut
709 965 898 1040 semuncia
918 967 1024 1039 recti.
1199 997 1243 1048 in

123 1082 226 1156 Haec
245 1085 401 1156 miscere
419 1079 551 1156 nefas:
571 1105 665 1172 nec,
686 1107 808 1184 quum
826 1082 875 1156 sis
894 1097 1042 1155 caetera
1060 1075 1196 1170 fossor,

122 1198 218 1273 Tres
237 1213 381 1271 tantum
401 1196 449 1270 ad
469 1222 646 1273 numeros
665 1189 783 1300 satyri
803 1221 975 1274 moveare
995 1194 1171 1300 Bathylli.

123 1392 176 1447 que
199 1373 324 1443 inperitos
343 1372 418 1428 fallit.
439 1373 507 1428 Hinc
526 1376 592 1428 ratio
612 1391 658 1444 pe·
709 1372 827 1426 minimis
846 1391 950 1444 semper
966 1391 1056 1444 pecces
1075 1389 1179 1426 uerene
1196 1382 1246 1426 est.

122 1456 202 1510 tende
225 1475 280 1510 esse
305 1459 424 1522 ridetur,
452 1477 499 1510 cnr
525 1458 660 1512 fallacesa
709 1457 817 1527 digium
828 1475 926 1520 emere,
942 1477 1037 1527 pacaaa
1056 1455 1178 1510 Totidem
1193 1457 1248 1508 l'ere

122 1539 317 1594 Rhadamantho
329 1538 452 1611 vsilpibus
464 1537 603 1594 addantur.
616 1541 660 1593 Sic
709 1539 795 1594 verbis
810 1541 953 1610 Epictetus:
976 1541 991 1598 ἡ
1007 1539 1140 1612 φιλοσοφία
1154 1538 1246 1609 φησὶν,

125 1623 300 1686 ἀλωπηκίζιιν
329 1624 460 1694 Aristoph.
485 1625 564 1694 Vesp.
585 1628 660 1678 4243.
709 1619 748 1676 ὅτι
766 1619 826 1677 ortt
841 1622 884 1676 τὸν
901 1619 1027 1676 δάκτυλον
1053 1623 1170 1678 isandus
1186 1621 1246 1678 εἰκῆ

124 1706 182 1758 Pac.
199 1709 275 1758 4000.
296 1705 415 1760 Asturam
436 1707 534 1775 vulpem
549 1707 592 1758 aab
611 1725 657 1775 pe·
710 1712 841 1781 προσήκει.
858 1707 913 1763 Cic.
931 1705 1021 1760 Parati.
1035 1714 1058 1760 3.
1076 1707 1143 1760 Aua·
1159 1725 1247 1758 narsem

122 1801 189 1841 ctare
209 1807 306 1842 servare
327 1801 376 1864 est·
389 1789 468 1860 igitur
491 1788 659 1842 calliditatem
708 1802 800 1842 evasae
823 1793 973 1860 gidenrator
989 1809 1023 1842 an
1043 1791 1149 1858 paleae,
1173 1793 1199 1840 in
1219 1808 1247 1840 re

123 1883 150 1924 et
164 1871 291 1926 malitiam
308 1875 428 1926 retinere.
461 1875 565 1943 rapidas
578 1873 659 1944 epith.
708 1875 901 1944 aliquantutum,
919 1875 1125 1946 ingabernatoris
1145 1875 1245 1926 inscitie

121 1956 193 2020 viai,
216 1956 288 2010 cuius
306 1957 344 2010 vis
366 1959 486 2024 euanuit3
512 1956 580 2028 apud
602 1957 656 2010 No·
708 1958 773 2009 nilail
800 1961 907 2010 interest.
935 1957 1024 2022 ,Lessa
1049 1971 1084 2012 est
1110 1959 1189 2010 libido
1218 1962 1245 2010 in

122 2053 206 2093 strum
227 2041 299 2098 idem
313 2039 459 2112 significat,
479 2041 549 2112 qnod
562 2059 660 2096 conru-
708 2039 808 2092 mediore
829 2046 934 2111 ignata,
963 2041 1037 2094 dalet
1062 2043 1098 2093 ad
1118 2043 1246 2111 parciores

122 2133 198 2192 ptus,
215 2123 308 2178 malus.
706 2129 824 2193 patira,
844 2141 919 2196 qnam
939 2127 1091 2196 sipetulam
1099 2125 1194 2197 sra'seet
1219 2131 1246 2178 in

158 2213 218 2262 us.
238 2208 310 2276 Quae
321 2208 440 2261 dederam
452 2221 656 2278 mpra„repeta,
708 2193 793 2279 aliqua
819 2229 940 2280 generosa
963 2231 995 2263 ac
1024 2211 1102 2263 nobili
1128 2212 1246 2279 virgina3

121 2293 259 2364 swmqrre
272 2295 370 2346 tedesco.
400 2293 541 2346 Adluditur
554 2295 659 2346 sortasse
705 2298 820 2361 peccavit
846 2315 905 2348 vero
924 2295 1099 2356 stiltilaminus,
1123 2295 1245 2364 siquidem

125 2377 152 2428 h.
168 2375 187 2429 l.
202 2377 234 2430 ad
248 2376 379 2446 quoddam
398 2376 503 2430 lusionis
519 2396 600 2448 genus
613 2396 660 2448 per
709 2391 743 2430 est
756 2398 858 2448 peecare
867 2392 994 2450 tammam
1006 2379 1143 2431 transsilire
1155 2379 1246 2442 lineas)

123 2459 311 2512 adtractiorem
331 2459 507 2514 funiculorum
527 2471 553 2513 et
569 2459 655 2513 inten·
708 2483 783 2532 qaam
796 2465 871 2534 longe
881 2465 1059 2534 progrediare,
1077 2481 1150 2532 qaam
1168 2465 1245 2516 semel

123 2543 238 2610 tionem,
253 2544 377 2596 ἀνάτασιν
395 2546 535 2614 resperas.
558 2543 658 2600 Pollux.
708 2549 886 2624 transitivis,
913 2549 949 2600 ad
976 2549 1117 2618 aagendam
1145 2547 1245 2617 eulpam

124 2629 171 2690 IX,
185 2632 209 2680 8.
230 2627 261 2680 ci.
280 2627 412 2680 enrichus
432 2628 459 2681 di
479 2627 607 2682 Ercolano
625 2631 658 2680 Τ.
709 2631 773 2683 nillil
790 2631 977 2684 adsiccamus.
998 2632 1091 2682 Senec.
1106 2629 1188 2700 Epist.
1203 2635 1244 2682 66.

125 2713 145 2765 Ι.
160 2711 209 2764 tab.
236 2720 295 2766 474.
316 2713 359 2764 ubi
380 2723 432 2766 tres
449 2713 522 2783 pueri
538 2711 659 2766 alatilioc
709 2715 844 2767 Rationem
864 2711 1060 2786 peripateticam
1075 2713 1244 2766 contrahens
1342 2761 1343 2764 ,

124 2793 231 2848 lusionis
250 2798 399 2867 generanti
423 2797 561 2860 ridentur,
586 2799 659 2851 cuius
711 2799 850 2852 verborum
882 2797 1099 2870 magnificentiam
1127 2795 1245 2850 defendit

124 2876 189 2930 ratio
201 2887 287 2930 tamen
299 2878 374 2932 uobis
389 2878 463 2948 plane
477 2879 621 2950 ignota'est.
629 2882 658 2931 ln
709 2885 800 2938 Cicero
810 2883 843 2937 de
852 2885 913 2937 Fin.
925 2885 971 2948 ΙΙΙ,
984 2889 1026 2938 27.
1040 2881 1112 2936 idem
1122 2881 1244 2934 eamdem

123 2962 278 3032 fragmentis
291 2963 451 3016 Petronianis
468 2964 578 3034 legitur.-
596 2961 659 3018 Non
709 2964 778 3018 ridet
795 2965 824 3018 in
837 2984 875 3018 or.
894 2983 919 3035 p.
936 2966 966 3016 L.
977 2965 1094 3017 Murena.
1109 2981 1162 3032 cap.
1174 2967 1215 3016 30.

124 3045 189 3098 duco
208 3048 369 3098 contentionis
385 3048 481 3118 furiem.
503 3065 529 3118 p.
547 3055 603 3102 673.
616 3045 658 3099 ed.
745 3053 803 3102 420,
824 3049 862 3101 Et
881 3049 942 3118 quid
958 3056 1055 3117 spectat
1084 3045 1116 3100 ad
1136 3048 1246 3116 digitum

124 3131 215 3184 Burm.
233 3131 357 3184 Heinsius
371 3129 402 3186 ad
422 3133 502 3188 Ouid.
527 3135 593 3184 Fast.
611 3135 657 3196 ΙΙΙ,
710 3130 828 3187 exercere.
853 3131 904 3186 Sed
916 3134 986 3186 trullo
996 3133 1064 3186 thare
1076 3131 1174 3194 litabis,
1190 3131 1206 3184 i.
1219 3147 1244 3182 e.

125 3219 184 3268 462.
199 3215 277 3287 legit:
299 3217 407 3270 reducas
422 3215 661 3286 quam'lectionem
710 3216 790 3272 nullis
815 3217 946 3270 sacrificiis
971 3233 986 3268 a
1015 3215 1065 3269 diis
1088 3213 1245 3286 inpetrabis‚

125 3297 261 3352 aPitlroeo
273 3316 304 3351 ea
318 3301 423 3370 optimis
443 3300 601 3354 membranis
614 3320 658 3354 re·
710 3299 782 3354 nulla
805 3301 903 3354 ratione
925 3299 1033 3366 efficies,
1048 3299 1114 3352 ,fieri
1136 3297 1245 3352 omnino

126 3383 241 3436 stitutam
256 3401 326 3446 esse,
348 3386 398 3450 ait,
419 3384 579 3455 modumque
592 3385 662 3440 hunc
710 3400 764 3434 non
779 3391 877 3452 potest,
891 3389 921 3432 ut
932 3381 1030 3434 haereat
1037 3418 1048 3443 ,
1063 3382 1111 3444 sit,
1122 3381 1246 3432 semuncia

125 3462 248 3534 loquendi
261 3466 293 3519 ab
307 3466 432 3520 Ariadnes
446 3469 490 3522 filo
504 3481 594 3522 nattam
606 3488 662 3522 esse
711 3467 877 3531 breviandi,
902 3465 996 3536 exigua
1017 3483 1076 3535 pars
1100 3463 1173 3519 recti.
1207 3463 1246 3516 Es

126 3547 253 3618 disputat,
274 3569 357 3622 quum
377 3551 491 3604 reducere
518 3551 588 3606 idem
611 3555 661 3618 sit,
711 3551 859 3604 Stoicarum
879 3548 974 3621 placito
991 3548 1056 3614 boc,
1075 3565 1127 3618 quo
1141 3545 1244 3599 nullum

126 3632 198 3704 quad
210 3635 330 3704 relegere.
348 3634 433 3689 Aliter
452 3633 539 3688 locum
557 3639 662 3707 exponit
711 3634 852 3688 discrimen
875 3635 943 3688 inter
966 3632 1056 3688 stultos
1081 3631 1244 3693 admittitur,

125 3718 248 3772 Erasmus
264 3720 292 3774 in
309 3720 412 3792 adagiis.
432 3721 502 3774 Male
521 3721 572 3775 huc
591 3742 659 3776 non·
711 3729 737 3772 et
750 3739 803 3792 quo
816 3721 905 3772 omnia
924 3721 1087 3791 reatesaata,
1107 3716 1242 3800 aanptat-
1324 3763 1329 3774 .

126 3801 194 3854 nulli
207 3813 338 3858 traxerunt
354 3808 441 3858 Horat.
463 3809 517 3862 Sat.
529 3809 562 3868 ΙΙ,
581 3815 605 3861 7.
619 3811 662 3860 20.
710 3823 797 3878 ματα,
813 3806 842 3859 in
859 3807 999 3874 sapientem
1013 3803 1096 3858 solum
1111 3801 1210 3855 cadunt.

127 3891 153 3934 et
170 3885 254 3954 Epist.
270 3889 291 3953 Ι,
305 3891 342 3940 40.
364 3893 404 3942 tc.
423 3890 532 3940 Sensus.-
547 3891 586 3940 'l'e
599 3886 661 3941 libe·
746 3895 803 3943 422.
816 3889 903 3953 Haec,
921 3887 1057 3942 stultitiam
1069 3885 1166 3940 scilicet
1185 3903 1247 3938 curn

125 3970 277 4024 rummodo
295 3970 428 4038 dialem,
443 3991 512 4026 nunc
528 3983 604 4044 nego.
710 3981 779 4024 reete
797 3971 878 4026 sactis.
895 3973 987 4042 sessor
1007 3971 1175 4038 cuminopro
1199 3964 1246 4019 lio-

163 4057 220 4104 tt9.
238 4050 289 4104 Nil
301 4054 346 4104 tibi
363 4057 483 4108 antecessit
499 4060 573 4108 ratio.
588 4053 658 4108 Nihil
710 4059 782 4111 mine
796 4059 853 4112 rudi
871 4069 897 4111 et
908 4056 1012 4129 stupido
1026 4057 1122 4128 positus
1143 4063 1198 4116 est,
1216 4056 1245 4106 in
1286 4101 1290 4110 .

126 4137 246 4204 permisit
265 4140 329 4190 ratio
350 4138 455 4194 arbitrio
468 4149 530 4204 tuo,
548 4138 592 4193 sed
617 4139 658 4192 vel
709 4143 801 4211 primis
829 4161 877 4212 pro
905 4161 956 4207 eo,
988 4140 1045 4212 qui,
1065 4139 1246 4192 membrarum

127 4220 253 4272 minimae
275 4219 449 4274 murenarum
475 4225 605 4276 aedanum
626 4223 659 4276 ad
709 4227 822 4298 agilitate
842 4237 868 4280 et
881 4227 988 4280 aetionis
1001 4225 1094 4279 decore
1108 4211 1258 4278 destitutus*

126 4303 266 4371 sapientiae
274 4313 405 4376 praecepta
418 4306 576 4360 revocandae
589 4319 664 4371 sunt.
710 4321 756 4365 est.
1201 4295 1205 4323 ¹

127 4384 218 4455 quibus
232 4407 311 4458 quum
325 4391 360 4444 sis
371 4388 523 4460 destitutus,
539 4391 618 4446 etiarn
631 4392 661 4446 in
746 4399 802 4446 423.
821 4395 884 4450 Tres
899 4406 994 4448 tamma
1009 4393 1045 4448 ad
1055 4409 1175 4462 aruncius.
1193 4410 1238 4444 aa·
