3046 5498
513 411 789 484 nouanoaru
1060 385 1216 488 xxxix

6 668 9 697 ,
71 623 99 686 st
115 612 224 684 turma
247 614 319 690 tait
338 615 476 692 divertar
508 625 553 704 (ι)
586 617 621 690 tal
640 639 715 696 vera
734 619 884 694 didactlca
910 619 1037 714 quidem
1055 633 1217 697 mutarn

1 913 2 1002 J
79 911 181 986 sadans.
201 909 363 972 Caeterum
378 933 393 973 a
410 917 519 991 sostppo
530 918 628 975 Charis.
679 933 779 989 utores,
814 917 937 981 lioratitts
964 935 991 982 et
1018 924 1194 997 Quintilianus
1205 953 1215 994 a

1 1013 2 1018 ’
88 1020 111 1070 p.
129 1007 156 1054 tt
174 1002 203 1053 in
229 1001 351 1060 collect.
382 1004 486 1061 Putscla.
515 1005 630 1061 Satirnl
679 1009 827 1064 inventioni
852 1029 894 1064 eas
922 1015 1099 1066 Rornanorum
1125 1013 1215 1066 vindi·

1 1099 2 1102 ’
87 1085 154 1138 Persi
180 1086 299 1143 citatur.
338 1094 370 1144 ln
396 1091 518 1146 iuvenale
543 1105 630 1148 autem
679 1105 753 1163 cant,
778 1107 804 1149 et
834 1099 930 1150 aueri
955 1097 1039 1168 specie
1065 1098 1218 1170 neutiquam
1304 1111 1314 1124 ’

89 1167 164 1222 tuta
179 1175 383 1240 grammaticis
403 1195 505 1246 semper
524 1196 630 1232 memo·
680 1179 819 1244 abhorret,
841 1197 884 1233 eas
906 1199 921 1233 e
942 1181 1090 1252 compositis
1119 1191 1218 1236 temere

88 1256 301 1327 rarae—Quia
316 1269 408 1312 autam
419 1260 555 1326 Horatius,
571 1264 630 1315 Per·
680 1279 709 1314 ac
730 1260 836 1315 rudibus
861 1261 923 1314 iocis
948 1272 974 1314 et
998 1263 1111 1316 dicteriis
1140 1263 1219 1317 tuisse

87 1335 126 1388 aias
144 1345 168 1388 et
197 1340 350 1396 Iuvenalis
381 1343 476 1397 Lucilii
500 1345 630 1398 scribendi
679 1343 1219 1416 enatos,quaepriscistemporibusiuveu·

82 1440 164 1492 penus,
185 1443 237 1478 sua
263 1435 365 1482 tamen
390 1431 495 1500 quisque
508 1431 628 1497 ratione,
679 1437 720 1488 tus
736 1432 852 1482 Romana
868 1448 915 1499 per
933 1430 1016 1484 otium
1034 1439 1060 1482 et
1084 1429 1219 1485 lasciviam

80 1507 151 1558 senati
168 1521 249 1577 nant,
278 1513 414 1566 intereos
433 1527 566 1582 auctores,
584 1515 630 1590 qui
681 1509 787 1566 alternis
804 1511 899 1567 soleret
926 1513 954 1566 in
974 1533 1051 1567 scena
1075 1514 1218 1570 ellirndere.

76 1600 246 1646 ateramum
266 1598 559 1668 saturasseripseruat,
572 1599 630 1652 iure
681 1597 814 1648 Praeterea
835 1615 888 1649 non
911 1596 1036 1651 modain
1062 1610 1218 1670 argumento

79 1675 241 1738 suntrelati,
261 1681 628 1751 eorumquelibrisseucar-
680 1679 787 1750 eiusque
815 1679 942 1734 tractandi
969 1680 1095 1747 consilio,
1123 1701 1219 1736 verum

79 1760 190 1814 minibus
204 1753 325 1833 singulti
337 1767 360 1816 is
373 1763 479 1830 titulus,
492 1765 567 1820 cuius
583 1768 632 1838 ipsi
681 1763 760 1816 etiam
770 1763 797 1816 in
809 1765 864 1835 ipsa
878 1768 1029 1819 tractatione
1038 1783 1134 1837 magna
1145 1785 1223 1840 repe-

83 1845 305 1900 uumreslorsan
319 1867 377 1902 non
388 1849 628 1918 suerunt,alibra·
682 1846 748 1900 rllttt·
760 1846 954 1902 dissimilitudo.
973 1848 1092 1902 Primum
1114 1852 1220 1904 enimsi

87 1929 377 2002 riisestiuseriptus.a
682 1945 854 2002 argumentum
877 1943 1021 2004 spectetur,
1045 1934 1114 2004 quod
1139 1939 1221 1989 situm

117 2016 156 2082 (t)
182 2013 239 2066 Cet.
277 2017 432 2072 Eielastaedt
456 2040 480 2090 p.
510 2025 631 2074 59-64.
682 2015 759 2068 estin
777 2016 854 2070 variis
871 2015 974 2069 ridiculi
989 2017 1221 2088 generibus,rum

93 2099 282 2170 alnuagieis,
302 2101 398 2172 inquit¹
415 2106 576 2157 Graecorum
589 2108 633 2158 sa.
683 2097 776 2152 sabulis
797 2099 1032 2172 comico-satyricis
1059 2103 1221 2156 Graecorum

93 2182 162 2252 tyris,
174 2183 207 2235 ad
218 2202 290 2253 quos
301 2197 424 2240 revocata
434 2187 489 2240 sem
498 2199 536 2242 021
547 2192 633 2241 omnis
682 2184 802 2254 componi
814 2183 887 2238 nullo
896 2193 969 2256 pacto
983 2195 1066 2256 potest
1077 2187 1222 2240 Horatiana

97 2267 214 2334 quaestio,
240 2269 475 2338 quemadmodum
505 2271 633 2344 permulta
683 2267 782 2334 Satira,
808 2280 891 2348 potest
907 2269 1023 2342 quodam
1039 2271 1118 2323 modo
1139 2272 1220 2324 Luci-

104 2358 167 2413 snat,
191 2370 256 2420 qnae
285 2353 395 2408 divam
429 2361 590 2426 reperiantur
618 2377 633 2409 a
682 2347 841 2422 liana‚quae
852 2353 996 2424 imaginem
1009 2352 1137 2406 referebat
1149 2354 1217 2408 anti·

110 2437 221 2488 Romame
233 2436 347 2508 ingenio
359 2439 472 2492 satirae:
486 2439 522 2493 ita
534 2443 555 2493 si
567 2439 634 2494 hano
683 2455 749 2506 quae
765 2436 932 2490 Comioorurn
950 2437 1097 2491 dicacitatis.
1115 2437 1219 2511 Quippe

110 2519 283 2572 contemtum
305 2541 339 2576 ea
354 2525 470 2595 Satyrion
487 2524 630 2578 instituari·
683 2539 762 2590 quam
781 2520 880 2574 lloratii
901 2531 1010 2574 venusta
1026 2521 1161 2576 urbanitas
1180 2544 1222 2577 co·

105 2619 174 2666 mars,
185 2623 254 2674 param
264 2608 366 2658 comici
372 2609 533 2662 Graecorum
544 2613 633 2679 pottae
684 2603 742 2669 luit,
753 2606 833 2657 Persii
845 2603 957 2674 gravitas
971 2604 1040 2659 acrait
1052 2613 1078 2658 et
1090 2605 1223 2662 luvenalis

101 2688 171 2740 variis
184 2688 270 2742 modis
286 2689 460 2745 excoluerunt
473 2694 520 2760 (v.
532 2712 590 2764 pag.
601 2699 633 2746 22
687 2687 823 2742 austeritas
836 2697 971 2757 tamquam
984 2706 1087 2742 veneno
1100 2691 1222 2754 armavit,

96 2779 144 2821 mt
162 2773 213 2838 4.),
230 2771 362 2826 facillimo
377 2779 517 2828 arctiorem
537 2793 631 2845 quam-
687 2772 787 2837 Satira,
808 2771 878 2841 quod
908 2791 923 2824 a
948 2789 1054 2825 morum
1076 2773 1224 2844 integritate

96 2851 149 2906 dam
163 2854 246 2910 luisse
259 2857 360 2910 hamam
371 2858 589 2929 propinquitatem
606 2879 635 2913 ac
687 2856 874 2926 severitatisque
887 2856 1017 2926 prolecta,
1031 2857 1127 2911 iudicio
1137 2859 1170 2912 de
1182 2879 1224 2912 re·

94 2942 329 3010 testudinem,
351 2943 538 3016 intelligamus.
566 2946 635 2998 Nam
688 2941 736 2994 bus
745 2941 866 2994 humanis
879 2939 980 2994 liberali
993 2943 1138 3012 mentisque
1149 2963 1227 3015 gene·

94 3027 254 3082 rtmnittam
273 3049 347 3083 nunc
360 3033 512 3102 Satyrorum
527 3029 633 3096 choros,
688 3045 760 3080 rosae
775 3027 880 3079 honesta
893 3025 1072 3099 indignatione
1084 3029 1226 3096 niteretur,

93 3129 151 3181 qnos
176 3109 283 3164 aomina
311 3114 473 3193 Graecorum
498 3112 633 3185 Satyrice,
688 3114 823 3165 materiem
835 3129 943 3166 ornnem
960 3110 1063 3165 ridiculi
1077 3113 1178 3184 repetiit
1193 3115 1226 3167 ab

92 3215 168 3267 seqre
192 3216 224 3250 ae
250 3199 436 3250 Romanorum
463 3197 564 3262 Satira,
594 3207 639 3250 aut

92 3281 188 3352 patius
206 3281 340 3348 adscivit,
354 3292 400 3336 aut
417 3281 519 3353 penitus
535 3281 638 3336 sustulit

91 3372 131 3436 (r.
148 3369 307 3437 radmor),
333 3377 475 3442 utramque
499 3367 577 3422 etiam
592 3367 638 3422 hac

91 3452 117 3504 ia
133 3473 163 3506 re
181 3451 412 3524 deprehendimus
436 3453 637 3523 conspiravisse,

91 3533 161 3604 quad
175 3544 338 3606 argumenta
350 3545 468 3604 peterent
479 3553 494 3588 e
505 3533 557 3587 vita
570 3553 636 3604 quo·

688 3196 933 3268 istisgravtortbm
965 3196 1059 3265 vitiis,
1094 3217 1160 3269 quae
1186 3217 1226 3252 es·

688 3291 747 3335 sent
767 3281 796 3334 in
821 3279 875 3334 vita
897 3279 1035 3334 homiuum
1059 3293 1085 3336 et
1110 3282 1229 3338 moribus

689 3383 808 3436 quaeque
835 3363 951 3438 satyricis
967 3364 1064 3420 salibus
1090 3367 1228 3438 perfricata

690 3449 803 3502 co'e'rceri
830 3458 935 3519 possent
954 3458 981 3502 et
1004 3447 1092 3504 salutis
1110 3451 1227 3522 publicae

690 3551 764 3587 caiisa
794 3532 939 3586 emendari.
975 3535 1138 3588 Graeconam
1162 3553 1228 3589 coa·

6 3650 7 3679 t
90 3620 207 3685 tidiana,
237 3619 312 3690 quod
333 3629 456 3674 notarent
470 3629 496 3674 et
520 3618 640 3691 designa-

91 3716 148 3759 rent
157 3703 358 3777 turpitudinem
370 3703 641 3776 domesticam,saepe·

91 3807 211 3843 mmero
228 3787 313 3842 etiam
327 3789 452 3860 turpiter,
468 3787 536 3859 quod
550 3807 641 3859 aequa·
692 3786 821 3856 lyricum,
846 3803 924 3855 quam
946 3783 1077 3838 comicum
1101 3783 1230 3849 derisum,

93 3873 130 3926 les
147 3873 178 3926 si
196 3872 309 3930 ridiculi
328 3872 503 3928 vulnerarent.
520 3875 643 3943 Quorum
693 3882 720 3924 et
736 3869 876 3924 cavillandi
888 3869 972 3942 magis
988 3869 1097 3924 libidine
1112 3870 1229 3936 excitata,

93 3957 160 4011 arlall
191 3957 267 4012 eadit
288 3959 317 4011 in
344 3957 469 4029 tragicam
496 3957 643 4030 Satyricen.
694 3972 772 4024 quam
803 3954 951 4026 corrigendi
981 3954 1067 4009 studio
1100 3953 1228 4025 impulsa,

93 4045 166 4096 Vero
186 4043 264 4098 enim
276 4061 341 4098 vero
357 4053 462 4116 propter
481 4041 549 4096 hauc
563 4043 638 4098 simi·
693 4039 774 4092 modo
786 4037 904 4092 fortunas
915 4037 1030 4104 civium,
1046 4037 1126 4092 modo
1138 4055 1230 4108 corpo-

93 4125 246 4184 laudam
260 4127 383 4199 equidem
396 4147 449 4181 non
463 4129 546 4182 stasim
559 4139 644 4198 partes
693 4123 729 4175 ris
740 4119 936 4176 deformitatem
949 4129 976 4173 et
987 4119 1036 4175 alia
1048 4119 1145 4174 leviora
1157 4119 1232 4184 vitia,

93 4212 207 4267 illorum
222 4213 317 4284 sequi,
336 4215 380 4281 qui
395 4215 523 4266 Graecam
539 4211 642 4286 Satyri·
695 4205 940 4277 quaeComicorum
952 4203 1038 4258 solent
1050 4203 1168 4258 ludibriis
1179 4204 1233 4275 api·

95 4315 153 4350 mm
168 4295 375 4369 procreatricem
389 4295 530 4366 quamdam
544 4295 646 4349 Latina·
694 4292 761 4358 tari,
783 4289 1002 4346 contumeliarum
1019 4289 1114 4344 amicis
1128 4288 1232 4343 lacessi·

7 4388 9 4425 !
96 4401 158 4436 ram
184 4379 337 4435 Satirarum
363 4389 390 4435 et
418 4383 490 4452 quasi
511 4389 644 4452 parentem
696 4375 749 4442 vit,
770 4376 805 4430 ita
823 4383 898 4428 utne
921 4374 1109 4446 ingenuitatem
1126 4371 1231 4444 quidem

98 4467 296 4530 fidissimam
311 4465 381 4530 ttm
394 4473 421 4527 et
433 4465 580 4544 marusim
594 4483 645 4530 aaa
694 4469 835 4540 praestaret
854 4469 881 4520 et
900 4457 1025 4522 ruborem
1045 4475 1122 4520 mum
1135 4455 1229 4517 vato·

690 3628 730 3672 tra
751 3619 888 3691 Satyrice,
908 3618 1048 3672 dicacitatis
1071 3617 1147 3672 laude
1162 3638 1230 3674 con·

691 3712 772 3768 tenta,
789 3721 843 3756 aon
861 3713 913 3756 tarn
929 3701 1011 3756 risum
1029 3713 1125 3756 secuta
1140 3712 1178 3756 est
1189 3722 1229 3756 aa·
