3028 5492
308 325 445 433 lxxvi
636 357 693 428 on
727 361 819 433 ain.
854 359 978 431 onon.
1011 361 1101 432 mv.
1234 402 1237 408 -
1325 309 1374 366 ¹·

303 597 396 666 qoem
412 571 460 640 in
491 569 590 643 lilerio
620 583 653 646 at
681 577 797 647 aruba
828 577 1069 668 elegantiolibce
1088 577 1162 648 linia
1181 573 1384 663 ttndin'nqoa
1405 579 1440 644 el

307 673 371 758 igni
401 673 598 738 interdictum
624 695 641 738 o
671 677 745 744 viria
774 678 965 745 doctissimis·
987 680 1086 748 viden.
1107 679 1253 744 Ceterum
1271 677 1306 740 ln
1324 673 1439 740 eobolio

307 769 432 854 quidem
467 771 631 855 explicatio
663 772 795 836 ictorum
825 775 982 854 locorum,
1014 799 1093 862 qnae
1122 775 1153 838 in
1187 774 1272 838 editt.
1292 775 1329 836 in
1347 792 1440 834 oanm

308 864 456 948 Delphini
485 887 503 930 e
534 877 618 930 textu
649 878 712 930 tam
732 870 838 955 inepte
857 881 1011 949 resecata,
1033 891 1128 954 qnam
1147 869 1239 934 stulte
1258 875 1290 930 et
1308 867 1440 948 impru-

308 965 419 1040 denter
438 963 566 1027 collecta
586 976 619 1028 et
637 965 677 1028 ad
696 967 812 1030 calcem
833 967 975 1030 adiuncta
995 979 1068 1032 eunt
1096 976 1152 1042 (v.
1174 967 1231 1029 inf.
1250 961 1320 1026 lnd.
1339 961 1438 1025 Editt.

310 1061 348 1134 od
368 1082 395 1122 a.
420 1061 550 1140 1684),
573 1063 629 1123 nisi
650 1083 722 1125 cum
742 1065 890 1146 gravitate
910 1063 1028 1128 institui
1049 1064 1165 1148 possit,
1186 1057 1357 1124 omittendo
1372 1067 1440 1120 eet:

309 1179 494 1242 quamquem
515 1157 676 1234 existimo,
697 1179 732 1220 ea
750 1161 863 1222 teneris
883 1161 1027 1222 iuvenum
1047 1160 1159 1223 animia
1179 1179 1242 1220 non
1263 1165 1326 1218 tam
1347 1154 1442 1236 pesti·

307 1255 374 1318 fero
405 1275 487 1328 esee,
514 1273 608 1336 quam
629 1252 836 1336 quorumdam
858 1261 1018 1339 poetarum
1037 1265 1162 1320 nostroe
1181 1254 1287 1316 netatie
1306 1249 1443 1312 deliciae

307 1356 338 1410 et
370 1346 557 1430 elegantiae,
587 1349 701 1432 quibos
730 1369 780 1412 res
799 1357 904 1434 torpeo
926 1359 958 1412 et
976 1351 1016 1412 ab
1037 1351 1194 1414 honestate
1215 1343 1441 1409 remotissimae

306 1442 355 1509 tel
384 1441 504 1508 liberali
534 1453 564 1507 et
586 1444 720 1528 ingenua
743 1445 824 1508 facia
846 1445 1036 1524 induantur,
1055 1447 1106 1510 vel
1126 1445 1293 1511 verborum
1310 1451 1343 1502 et
1361 1459 1440 1501 oen·

306 1537 473 1604 lentiorem
507 1561 621 1606 venere
641 1552 671 1606 et
691 1541 844 1606 illecebris
874 1542 1142 1608 commendentur.
1163 1539 1287 1604 Etenim
1307 1545 1342 1600 ut
1361 1555 1439 1596 me-

305 1639 388 1700 xime
420 1649 501 1702 tecte
530 1649 571 1702 et⁴
590 1639 732 1724 ambigue
763 1659 797 1702 ea
823 1639 1018 1703 enunciando
1048 1637 1250 1703 verecundiae
1271 1643 1304 1697 et
1323 1630 1440 1715 pudori

306 1732 480 1808 consultum
507 1734 647 1812 videtur,
668 1735 709 1796 ita
734 1735 878 1798 facillime
898 1737 1007 1798 animia
1027 1735 1116 1798 coetis
1137 1735 1234 1817 iisqne
1254 1725 1440 1811 improvidis

306 1849 339 1892 se
359 1829 534 1906 insinuant,
561 1829 704 1894 libidines
732 1833 883 1907 excitent,
904 1831 1033 1895 castitati
1055 1830 1196 1894 altissima
1217 1826 1346 1890 vulnere
1379 1821 1439 1883 in·-

306 1923 417 2008 fligunt
435 1937 466 1990 et
485 1928 624 2012 corporis
644 1929 822 2012 ingeniique
842 1929 922 1994 vireo
943 1931 1094 2012 frangunt
1112 1937 1143 1990 et
1161 1924 1360 1991 debilitent.»
1433 1993 1439 2008 ι
