3120 5494
320 437 504 495 urunrnvs
541 438 593 494 nr
629 435 855 497 senserant
891 439 1065 500 unusne
1141 397 1260 534 ¹3u7

139 631 355 717 praescribunt.
380 631 507 695 Videtur
526 631 628 712 potins
651 632 680 692 in
702 630 757 692 lmc
780 653 815 693 re
835 632 1031 717 philosophus
1046 657 1108 696 non
1121 637 1191 698 sutis
1210 638 1266 700 ed·
1329 645 1331 654 '

140 739 262 790 curetas
281 737 312 789 et
339 727 477 800 subtilis,
498 726 649 810 simulque
668 733 756 808 putta
788 749 850 790 non
870 731 940 790 satis
966 730 1079 792 solatus
1111 753 1148 794 ac
1178 732 1266 798 liber.

138 823 358 906 Vnusqnisqnc
377 823 494 894 statim,
516 843 707 905 quacumque
732 823 823 884 satira
842 823 995 905 perlecta,
1018 827 1268 890 animadverterit

139 939 262 980 necesse
282 927 344 993 est,
365 917 497 980 Persium
514 939 576 978 oon
592 939 653 979 uno
666 929 772 980 tenore
793 931 1006 1002 argumentum
1021 921 1267 998 detumueris

138 1015 172 1074 ia
192 1014 320 1096 singulis
341 1015 475 1096 partibus
494 1014 680 1088 elaborasse,
709 1025 800 1092 prout
824 1037 961 1100 quaeque
991 1017 1034 1078 illi
1065 1019 1102 1098 in
1131 1030 1267 1084 mentem

137 1109 277 1182 venerit,
297 1129 406 1194 easque
426 1111 546 1172 curiose
567 1109 721 1172 interdum
752 1119 787 1170 et
808 1109 972 1193 diligenter
1004 1114 1046 1174 ita
1067 1113 1268 1197 expolivisse,

139 1215 174 1266 nt
186 1204 297 1288 uhiqne
311 1215 453 1268 orantum
475 1213 583 1289 polites
597 1206 646 1270 sel
665 1199 696 1266 in
718 1206 844 1287 siugulis
865 1207 966 1270 verbis
984 1207 1265 1285 suessonensium

138 1321 209 1374 ees,
221 1300 360 1382 neglecte
380 1317 462 1378 erte,
482 1325 560 1385 quae
580 1303 611 1364 in
633 1304 831 1371 commissura
851 1302 995 1365 caelando
1011 1305 1267 1382 cernitur,corn·-

138 1399 289 1482 posuisse,
310 1409 343 1460 ut
363 1401 465 1482 primo
484 1399 630 1482 adspectu
649 1400 741 1460 totins
762 1399 862 1480 operis
885 1409 982 1482 portes
997 1399 1171 1482 adparennt.
1196 1403 1266 1478 Qun

138 1517 177 1558 es
198 1517 232 1558 re
246 1495 399 1578 conligas,
423 1486 608 1558 inventionis
628 1495 766 1558 ubertate
781 1517 947 1578 rerumque
960 1498 1045 1580 copia
1067 1499 1159 1581 magis
1179 1499 1266 1562 illum

138 1589 315 1654 destitutum
338 1593 446 1665 fuisse,
477 1612 568 1676 quam
596 1611 701 1652 rernm
721 1590 909 1674 singularum
930 1593 1080 1656 tructaudi
1100 1604 1185 1668 arte,
1206 1615 1267 1678 qua
1325 1585 1327 1589 ’

138 1687 238 1769 proha
256 1689 423 1750 instructus
443 1687 714 1770 grammaticorum
740 1695 771 1748 et
790 1677 949 1751 rhetorn‘m
969 1687 1091 1751 schulsa
1108 1689 1267 1773 reliquisse

139 1781 272 1846 videtur.
305 1784 443 1845 Poitiees
464 1804 560 1866 porrn
579 1783 660 1844 rstin
678 1782 824 1865 postulet,
847 1791 880 1844 st
894 1805 962 1859 res,
977 1805 1052 1868 quas
1071 1795 1174 1856 mente
1190 1793 1265 1846 tua·-

140 1886 209 1938 tum
228 1889 259 1939 et
279 1881 399 1941 ratione
416 1880 575 1953 videmnus,
596 1881 639 1940 its
660 1889 829 1941 tractentur
848 1889 880 1940 et
894 1889 1101 1962 expuuntur,
1115 1891 1149 1944 nt
1162 1881 1267 1943 omnia

138 1973 302 2038 rideantur
320 1976 351 2034 io
374 1995 409 2036 ea
430 1963 496 2038 esse
515 1985 654 2058 mutatu,
674 1995 753 2058 quae
772 1975 910 2036 seusihus
931 1975 1048 2058 percipi
1068 1977 1194 2057 possint.
1225 1976 1278 2038 lu¹

140 2089 205 2150 quc
227 2089 340 2152 genere
360 2071 482 2133 Persiris
513 2071 552 2131 ab
572 2071 698 2132 Horatio
717 2071 807 2152 longe
833 2089 850 2128 s
884 2079 972 2152 tergo
1003 2069 1204 2154 relinquitur:
1225 2071 1266 2133 ad

140 2185 219 2246 quos
250 2165 333 2224 enim
359 2165 501 2248 scopulos
533 2165 591 2236 ille¹
616 2176 731 2226 temere
762 2164 954 2246 naufragium
987 2183 1077 2248 saepe
1105 2165 1196 2243 fecit,
1215 2187 1269 2228 ecs

141 2259 434 2341 prudenti.eonsilio
465 2261 515 2324 hic
544 2281 666 2346 semper
693 2261 823 2326 evitavit.
835 2277 838 2284 '
852 2261 976 2325 Oblitus
995 2272 1041 2326 est
1059 2261 1197 2339 Persius,
1218 2285 1268 2329 eas

140 2356 362 2438 Philosophiae
382 2365 501 2438 partes,
521 2377 599 2441 qnae
619 2359 651 2418 in
672 2357 765 2419 rebus
785 2357 1028 2440 mutemplandis
1048 2359 1161 2440 positae
1182 2369 1265 2434 sunt,

140 2473 238 2534 enque
260 2452 411 2534 principis
433 2452 610 2529 recondita,
631 2453 742 2536 quihus
760 2473 881 2514 moram
900 2453 1057 2536 disciplina
1071 2453 1189 2528 nititur,
1197 2475 1266 2532 ,nnn

11 2591 13 2598 -
139 2569 204 2609 esse
223 2568 274 2610 res
292 2547 399 2628 vulgi,
432 2545 631 2630 ineptumque
651 2567 733 2623 csse,
763 2546 993 2607 multitudinem
1021 2546 1129 2608 herum
1160 2569 1267 2611 rernm

138 2643 272 2704 indicam
294 2642 494 2714 constituere,
520 2662 624 2703 corum
644 2657 707 2723 qao
727 2640 903 2723 philosophi
923 2661 1044 2702 causam
1057 2661 1141 2703 susus
1164 2652 1266 2725 agent.

141 2737 261 2797 Etenim
283 2737 315 2796 in
338 2735 512 2798 huiusmodi
533 2735 647 2798 iudicio
668 2734 785 2796 l'acilius
806 2755 889 2809 esse,
911 2734 977 2796 illas
997 2757 1044 2797 res
1065 2737 1097 2796 in
1118 2737 1213 2798 risum
1234 2749 1267 2800 et

139 2833 241 2892 iocum
260 2841 400 2906 vertere,
420 2853 512 2911 quum
533 2831 618 2916 grpvi
644 2829 849 2912 disputatione
870 2851 989 2891 cansam
1011 2830 1172 2906 obtinere,
1198 2832 1266 2893 llo-

139 2925 233 2988 ratins
254 2947 316 2986 non
339 2947 400 2986 nno
421 2926 452 2985 in
487 2925 557 2986 loco
577 2923 805 3007 comprobarit,
833 2943 934 3005 neque
962 2944 1147 3007 quemquam
1167 2925 1266 3007 fugit,

139 3030 272 3101 quantos
294 3021 414 3101 plausus
433 3041 558 3082 scurrae
578 3022 686 3101 poesim
714 3028 745 3080 et
764 3019 924 3080 sanniones
938 3018 1066 3080 tulerint
1080 3028 1181 3104 nostru
1197 3041 1266 3082 rue-

139 3116 238 3176 moris
272 3117 303 3174 iu
335 3114 527 3196 philosophia
555 3115 662 3175 critica
683 3113 869 3186 deridenda,
900 3114 975 3174 dum
1002 3113 1177 3176 defensores
1203 3116 1267 3176 eius

139 3211 307 3271 doctissimi
326 3221 420 3291 utque
439 3211 604 3285 acutissimi
626 3229 687 3268 non
709 3208 858 3270 intellecti
880 3208 925 3268 illi
945 3209 1069 3290 quidem
1102 3229 1190 3270 censu
1210 3231 1266 3271 ee-

139 3305 250 3366 cidisse
271 3305 441 3366 rideantur.
465 3303 706 3366 innumerabiles
729 3314 885 3386 praeterea
906 3313 979 3365 sunt
999 3304 1142 3378 rationes,
1156 3304 1267 3386 quihus

139 3402 285 3463 llurstins
305 3423 374 3462 usus
387 3411 448 3474 est,
468 3400 508 3461 ad
528 3399 594 3462 rem
615 3399 749 3481 aliquam
770 3399 849 3460 hand
871 3399 1111 3482 rerosalgarem
1132 3402 1266 3460 novitate

139 3496 238 3578 alique
259 3505 291 3557 et
309 3505 467 3558 venustate
485 3494 756 3557 commendendam
767 3535 777 3567 ,
789 3515 869 3576 qnae
882 3494 1177 3576 ingeniosissimum,
1189 3515 1267 3556 rer·-

13 3625 20 3641 ·
138 3593 319 3654 satissimnm
340 3593 528 3672 rationisque
549 3591 698 3652 humanae
719 3589 937 3672 peritissimum
961 3589 1118 3662 indicent,
1138 3583 1264 3671 politis·-

138 3687 350 3771 simornmquc
371 3689 530 3750 hominnm
552 3687 740 3748 commercio
761 3696 792 3748 et
822 3686 1043 3748 wnsuetadine
1061 3707 1173 3760 usum,
1191 3707 1267 3766 qua·

139 3805 211 3844 rnna
228 3792 454 3865 praestantem
467 3783 589 3866 vestigia
603 3784 636 3844 in
659 3782 758 3843 Persio
772 3781 1056 3863 deprehenduntur.
1079 3782 1185 3863 Neque
1195 3801 1268 3842 sane

140 3887 207 3953 est,
228 3881 311 3960 quod
332 3881 500 3953 mire-our,
515 3879 555 3938 ite
576 3899 608 3938 se
631 3899 696 3938 rem
719 3875 840 3938 hahere.
858 3877 980 3938 Etenim
1001 3877 1140 3938 satiricus
1159 3877 1190 3938 in
1207 3878 1268 3937 ho-

124 3976 262 4061 minnm
285 3976 457 4058 frequentin
478 3974 569 4037 dehet
588 3973 719 4046 versari,
740 3982 774 4032 nt
794 3993 901 4034 eorum
915 3972 1051 4054 ingenis,
1064 3994 1173 4047 mures,
1187 3973 1267 4036 ritae

140 4070 396 4133 consuetudinem
417 4080 595 4154 cognoscat,
626 4091 687 4130 nnn
709 4070 741 4129 in
767 4069 873 4130 umhrs
894 4080 926 4130 et
945 4067 1131 4142 solitudine,
1154 4070 1187 4130 in
1206 4089 1266 4152 qus

141 4165 289 4228 maiorem
310 4167 389 4228 vitae
411 4177 529 4247 partem
551 4165 672 4228 Persius
692 4166 823 4248 exegisse
844 4165 975 4230 ridetur.
1004 4165 1068 4244 Qui
1095 4165 1217 4249 quidem
1233 4165 1267 4224 in

142 4262 306 4322 hominum
329 4263 463 4323 moribus
491 4273 521 4323 et
540 4263 620 4324 vitiis
641 4262 848 4324 descrihendis
868 4281 986 4322 summe
1001 4262 1097 4322 utitur
1109 4261 1265 4342 diligentia
1307 4269 1308 4274 ’

144 4353 369 4442 coloribusque
380 4359 637 4441 exquisitissimis:
652 4359 704 4420 sed
717 4358 750 4418 in
770 4358 977 4432 lineamentis,
991 4377 1069 4440 qnae
1082 4356 1172 4418 ducta
1185 4367 1265 4431 sunt,

143 4475 206 4516 non
227 4455 324 4520 levem
346 4464 376 4517 et
397 4457 481 4536 quusi
504 4455 642 4536 fugacem
673 4451 797 4517 artificis
818 4474 961 4529 uranum,
983 4452 1037 4517 scd
1056 4453 1212 4519 timentem
1234 4463 1266 4514 et
1300 4523 1303 4527 ,
