3120 5494
575 405 721 464 sn'rtttt
760 407 803 466 II.
852 405 853 414 ’
935 463 937 470 ,

1149 375 1239 470 385

116 609 209 684 ,Non
229 606 346 708 possit
365 605 489 706 magni
508 600 690 678 Messalae
709 602 815 710 lippa
835 629 1030 709 propago,

122 722 378 825 Compositum
394 723 452 796 ius
470 719 602 824 fasque
621 721 770 814 animo,
788 737 1014 824 sanctosque
1036 745 1204 798 recessus

123 839 284 928 Mentis,
303 853 342 910 et
362 839 551 912 incoctum
569 862 754 938 generoso
771 852 904 940 pectus
924 835 1108 910 honestoi

120 957 223 1030 Haec
239 951 334 1030 cedo
353 969 396 1026 ut
416 949 633 1030 admoveam
649 949 825 1056 templis,
848 968 887 1026 et
907 948 1008 1026 farre
1029 947 1159 1028 litabo.
1210 992 1242 1044 25

120 1157 198 1210 tis-am
217 1155 311 1223 finire,
337 1173 417 1224 quam
442 1155 595 1226 gravissima
612 1152 656 1208 itta

121 1239 265 1308 sententia,
283 1239 426 1309 animisque
443 1237 569 1292 Ieetonsm
593 1237 654 1290 hae·

121 1343 196 1393 sura,
223 1343 289 1394 quse
316 1343 387 1378 nune
408 1325 543 1394 sequitur,
569 1323 658 1375 dormis

122 1389 232 1461 veiham
259 1408 366 1461 solenne
385 1407 413 1459 in
426 1405 567 1460 sacrificiis
591 1404 657 1456 Bais·

120 1511 178 1545 son.
193 1491 225 1544 de
237 1495 327 1546 Form.
341 1493 369 1554 1,
385 1495 432 1552 25„
442 1492 475 1544 de
487 1509 582 1560 magna
599 1489 656 1540 lan-

121 1595 157 1628 ce.
172 1577 294 1628 lancium
310 1593 372 1628 usus
390 1574 418 1626 in
435 1576 513 1628 saeris
529 1574 589 1626 satis
607 1589 654 1628 rto-

121 1669 181 1724 tos,
195 1659 227 1711 iis
243 1669 300 1712 exta
318 1657 499 1710 reddebantur.
518 1675 613 1726 magna
626 1657 659 1707 de

122 1745 194 1797 larice
212 1745 275 1796 dare
293 1743 319 1795 h.
334 1742 352 1795 Ι.
365 1753 403 1795 est
416 1743 539 1796 sacrificia
554 1739 658 1810 amplis·

123 1828 190 1880 sitne
209 1827 299 1880 faeere.
320 1829 358 1879 De
380 1825 493 1879 IaneIum
512 1826 580 1878 mira
599 1842 654 1876 ma·

125 1911 260 1982 gnitndine
288 1921 314 1964 et
341 1909 455 1980 pondere
479 1928 505 1961 v.
531 1907 598 1963 etin.
623 1907 657 1960 N.

124 1995 243 2047 xxxin.
257 2004 318 2046 sect.
332 1998 371 2046 52.

159 2079 201 2129 72.
210 2080 297 2145 magni
310 2073 438 2126 Messalae
450 2074 521 2142 lippa
535 2083 659 2142 propago.

125 2157 294 2228 InteIIigeana
308 2166 346 2209 est
359 2155 443 2226 proies
458 2155 611 2225 degenerata
620 2155 657 2208 M.

125 2240 221 2294 Valerii
246 2239 354 2293 Corvini
380 2237 529 2304 Messalae,
551 2225 584 2290 de
607 2256 659 2306 quo

125 2325 251 2388 Linvn,
270 2327 302 2376 26
316 2341 370 2394 seq.
383 2323 453 2392 lr'ppa
467 2341 490 2374 v.
500 2339 576 2390 supra
587 2319 618 2371 ad
630 2323 657 2382 1,

127 2413 170 2461 75.
183 2411 293 2460 Sensus:
306 2406 397 2459 damus
412 2405 437 2458 id
454 2407 570 2475 superis,
589 2404 658 2471 quod

126 2489 221 2543 divites
237 2491 298 2542 dare
315 2507 368 2542 non
382 2489 496 2560 possint,
509 2486 573 2539 dum
584 2485 661 2538 sacri·

125 2577 182 2631 licia
194 2573 349 2643 amplissima
360 2573 463 2626 saciant.

160 2659 388 2728 73sCompositnm
412 2662 448 2709 ius
459 2655 551 2730 sasque
574 2657 659 2706 animo

125 2765 190 2817 pro:
208 2745 325 2822 animum
344 2741 375 2794 ad
399 2740 468 2812 leges
485 2740 587 2792 divInas
612 2738 659 2791 hn-

126 2847 266 2896 ananasqne
277 2825 456 2896 compositum.
470 2836 614 2892 attractosque
622 2842 659 2874 re-

127 2933 207 2965 cessus
223 2913 311 2963 mentis
333 2909 350 2963 i.
374 2928 397 2963 e.
406 2911 511 2962 intimas
524 2907 656 2978 cogitatio·

126 2995 660 3066 nesmentispuras.Theocrit.IIXVIII‚3.

163 3085 335 3136 reinmarum
349 3098 467 3149 generoso
482 3091 565 3149 pectas
582 3079 657 3128 bone-

128 3179 184 3232 sto;
194 3163 343 3246 δικαιοσύνῃ
353 3163 515 3237 βεβαμμένον
523 3163 557 3224 ste
567 3161 659 3230 βάθος.

128 3253 211 3303 Mare.
229 3251 326 3301 Antan,
340 3248 373 3300 de
386 3249 463 3302 rebus
476 3247 528 3298 suis
544 3247 587 3297 III.
599 3253 660 3297 sect.

130 3344 156 3390 4.
177 3333 324 3388 Lactantius
341 3332 423 3389 Instit.
440 3333 500 3398 VII,
517 3335 559 3383 24.
573 3336 597 3383 6.
610 3328 662 3381 Νο·

706 1163 788 1207 sunm
816 1164 877 1208 ante
901 1152 990 1209 oesdos
1016 1156 1114 1210 habuis.
1150 1158 1243 1224 Senec-

706 1239 786 1309 Epist.
801 1244 843 1294 95.
856 1240 958 1294 Primus
970 1255 1006 1294 est
1018 1244 1131 1296 Deorum
1148 1245 1237 1308 enum,

708 1325 778 1376 Deos
801 1323 900 1376 eredere
905 1346 916 1387 ‚·
948 1325 1038 1377 deinde
1062 1325 1164 1378 reddere
1191 1325 1244 1380 tttts

707 1409 859 1460 maiestmm
870 1425 957 1472 suana,
976 1408 1081 1461 reddere
1093 1409 1242 1473 danicam,

707 1496 820 1561 n'nequa
835 1491 905 1543 nilla
917 1495 1034 1544 maiestas
1045 1505 1089 1545 est.
1104 1491 1173 1546 Scire
1182 1495 1242 1547 illos

708 1592 773 1637 esee,
796 1575 839 1645 qai
854 1565 995 1645 praesident
1009 1575 1103 1627 numdo
1109 1613 1117 1638 ,
1130 1580 1172 1646 qui
1182 1581 1240 1628 mt-

708 1677 778 1710 versa
797 1662 827 1710 vi
848 1677 892 1710 sua
908 1669 1063 1726 temperant,
1083 1662 1126 1730 qui
1139 1662 1241 1712 humani

707 1747 807 1812 gennis
821 1744 923 1795 maetam
934 1756 1040 1814 ὅσων,
1055 1745 1176 1797 interdum
1195 1765 1241 1797 eas-

708 1829 768 1877 rt'osi
780 1827 942 1896 singidonem.
955 1857 990 1867 -
1003 1825 1055 1878 Vis
1071 1828 1139 1880 Deos
1151 1831 1238 1899 propi·-

707 1909 791 1961 1iare?
810 1910 886 1961 barasa
904 1921 963 1962 esto.
983 1907 1052 1982 Satis
1073 1909 1130 1964 illos
1147 1914 1240 1976 coluit,

708 1996 820 2061 quisquis
827 1993 940 2044 *inaratae
952 2003 996 2044 est.
1116 1991 1140 2033 0

744 2080 786 2128 75.
810 2074 890 2143 Quasi
920 2093 935 2126 e
961 2074 1097 2127 sacerdotis
1128 2094 1236 2147 persona

708 2157 777 2209 Deos
788 2155 916 2210 sacrificiis
928 2155 977 2209 sibi
991 2157 1115 2226 propitios
1128 2157 1239 2212 reddere

707 2238 820 2309 cupienti
836 2237 937 2293 salabre
954 2239 1092 2292 consilinm
1117 2240 1238 2310 ingeren-

707 2324 748 2377 tis.
765 2327 905 2395 surrepto
931 2341 1094 2394 quocumque
1119 2323 1242 2377 sacrificio

709 2405 850 2470 vilissimo,
872 2407 958 2459 litabo.
979 2407 1016 2459 Ita
1032 2405 1193 2470 sacrificabo,
1211 2415 1241 2460 ut

709 2489 763 2544 Diis
777 2502 881 2563 gratum
891 2501 917 2544 et
930 2491 1067 2560 adcepturn
1080 2510 1241 2562 meumque·

709 2574 846 2650 lecumque
866 2574 1019 2627 sacrificium
1030 2573 1071 2628 sit.
1085 2577 1159 2646 Virg.
1174 2577 1240 2628 Aen.

709 2661 744 2724 V,
762 2665 820 2712 745.
832 2657 1022 2710 sacrificiorum
1034 2659 1241 2730 magnitudinem

709 2753 735 2796 et
757 2741 976 2812 magnificentiam
1000 2761 1090 2812 parum
1111 2755 1154 2797 aut
1176 2741 1242 2796 nihit

708 2828 807 2881 referre
824 2826 856 2880 ad
873 2829 941 2880 Deos
953 2827 1075 2896 propitios
1088 2827 1243 2894 reddendos,

711 2911 755 2963 sed
767 2911 827 2964 casti
846 2911 927 2964 animi
940 2921 966 2963 et
984 2911 1016 2964 ab
1029 2909 1102 2964 omni
1117 2909 1173 2962 Iabe
1183 2911 1243 2980 puri

709 2999 779 3047 Deos
789 2995 816 3046 in
833 2995 953 3048 omnibus
970 2993 1098 3047 sacrificiis
1113 3003 1243 3046 votonnn·

711 3098 760 3150 que
773 3078 1007 3148 nisaeupationibus
1021 3075 1105 3131 solum
1115 3079 1243 3132 rationem

710 3160 849 3224 habere,ut
859 3159 1040 3231 sapientissimi
1053 3169 1173 3212 veterum
1187 3159 1245 3212 sub-

711 3243 772 3296 inde
793 3251 966 3310 mouerunt,
993 3242 1029 3296 ita
1055 3241 1243 3315 degantiasime

711 3346 786 3400 saepe
798 3337 983 3401 expresserunt.
