3108 5494
572 413 725 476 sarira
760 415 819 480 rr.
1189 421 1249 513 9³

129 613 828 721 QuamquamstCarpopbor-mfacies
838 629 905 692 tua
914 632 1111 723 computat
1123 613 1255 696 anuos.

90 737 94 745 “
184 734 224 808 si
243 731 312 807 tibi
330 729 506 835 legitimis
523 749 670 836 pactam
690 734 933 838 iunctamque
960 731 1107 812 tabellis
1206 771 1258 821 200

130 851 222 926 Nou
239 873 278 930 cs
296 865 517 940 amaturus,
534 846 701 924 ducendi
721 848 828 924 nulla
846 849 998 928 videtur

131 966 275 1056 Causa3
294 989 367 1042 acc
385 981 465 1055 est,
485 989 605 1066 quare
623 989 781 1040 coenam
799 983 839 1040 ct
857 983 1047 1044 mustacea
1064 966 1226 1074 pardus,

4 1177 5 1184 ἵ
30 1138 35 1146 .
131 1080 305 1156 Labentc
324 1081 465 1176 officio,
484 1078 612 1160 crudis
631 1078 812 1156 donanda
823 1110 834 1174 ;
854 1107 926 1158 nec
946 1083 1042 1160 illud
1052 1141 1066 1176 ,

134 1195 249 1292 Quod
267 1196 388 1301 prima
406 1220 480 1300 pro
500 1211 612 1272 nocte
632 1195 772 1286 datur,
790 1223 910 1300 quum
930 1196 1041 1275 lance
1060 1199 1170 1276 beata

133 1315 298 1387 Dacicus
318 1313 519 1414 asscripta
538 1311 660 1388 radiat
677 1315 925 1388 Germanicus
946 1341 1053 1391 auro.
1206 1349 1256 1400 205

134 1427 176 1503 Si
196 1420 264 1504 u'bi
282 1425 500 1532 simplicitas
519 1429 677 1520 uxoria,
697 1427 849 1504 deditus
868 1433 936 1506 uui

133 1545 204 1622 Est
222 1545 368 1618 animus
379 1571 390 1634 3
409 1543 587 1620 submitte
607 1560 724 1648 caput
742 1545 889 1623 cervice
909 1561 1041 1649 parata

133 1658 252 1733 Ferre
270 1659 423 1761 iugumt
441 1655 586 1737 nullam
602 1660 794 1752 iuvenies,
813 1685 913 1764 quaa
932 1677 1064 1765 parcat
1083 1662 1236 1736 amanti.

134 1773 281 1850 Ardeat
299 1778 380 1879 ipsa
395 1772 507 1866 licet,
528 1778 724 1852 tormentis
742 1775 882 1880 gaudet
900 1781 1055 1854 amantis

135 1891 187 1966 Et
205 1889 346 1996 spoliis.
365 1892 485 1993 Igitur
504 1889 620 1994 longe
638 1893 760 1967 minus
778 1892 880 1968 utilis
900 1892 958 1967 illi
1208 1929 1259 1981 Μ

135 2009 272 2100 onr,
291 2009 461 2110 quisquis
480 2009 554 2086 crit
572 2008 695 2084 bouus
714 2009 981 2114 optandusque
1004 2008 1173 2087 maritus.

137 2119 203 2198 Nil
220 2150 404 2228 umquam
418 2125 537 2200 inrita
554 2115 714 2200 donabis
734 2128 919 2229 coniuge:
939 2123 1080 2203 vendes

138 2239 220 2314 Hac
239 2239 412 2319 obstante
433 2240 547 2318 nihil:
565 2240 683 2334 nibil,
702 2243 795 2318 baec
814 2245 843 2318 si
862 2241 990 2333 nolet,
1008 2255 1166 2317 emetur.

141 2355 245 2430 Haec
265 2355 370 2432 dabit
385 2357 565 2437 affectus:
583 2357 648 2436 ille
665 2357 894 2434 excludetur
911 2363 1052 2434 amicus

142 2473 225 2545 lam
244 2475 388 2565 senior,
407 2475 515 2551 cuius
529 2474 688 2550 barbam
707 2493 773 2552 tua
790 2477 903 2550 ianua
929 2473 1034 2550 vidit.
1211 2507 1262 2558 215

143 2587 324 2662 Testandi
344 2615 463 2693 quum
483 2592 532 2666 sit
546 2589 750 2666 lenonibus
769 2609 884 2692 atque
903 2588 1049 2667 lanistis

138 2703 313 2780 Libertas
332 2723 371 2780 et
389 2707 480 2781 iuris
502 2705 601 2782 idern
621 2711 818 2812 contingat
835 2733 995 2798 arenae3

138 2819 227 2896 Non
246 2847 344 2894 uuus
365 2821 434 2896 tibi
452 2819 578 2900 rivalis
600 2821 806 2898 dictabitur
822 2823 944 2898 heres.

139 2937 248 3014 Pone
268 2963 420 3013 crucem
438 2965 560 3018 servo.
580 2943 722 3028 Meruit
744 2966 822 3042 quo
841 2941 998 3014 crimine
1016 2962 1144 3016 servus

138 3051 409 3158 Supplicium?
428 3057 513 3159 quis
531 3057 633 3130 testis
652 3054 786 3131 adest?
804 3058 889 3158 quis
908 3052 1066 3130 detulit?
1084 3049 1196 3141 Audi,
1212 3087 1264 3138 220

139 3165 256 3244 Nulla
274 3197 454 3276 umquam
472 3167 520 3246 de
534 3177 655 3246 mort'c
673 3170 1049 3250 bominiscunctatio
1067 3165 1181 3270 longa
1195 3182 1262 3242 est.

138 3453 214 3490 aaa·
240 3465 276 3482 -ι
297 3437 369 3490 dim
391 3437 439 3492 boo
452 3442 497 3494 24.
518 3465 552 3482 -
579 3439 680 3491 um
729 3439 890 3508 variegatam
914 3437 996 3492 instar
1015 3435 1082 3492 telas
1101 3455 1263 3492 aranearum.

142 3528 185 3576 tt.
202 3529 245 3576 47.
260 3528 302 3578 48.
319 3528 362 3577 2⁷.
374 3528 417 3576 45.
431 3531 474 3578 47.
488 3529 529 3577 57.
543 3529 586 3576 64.
598 3524 681 3576 Hem
764 3525 823 3576 206.
846 3539 876 3572 aa
897 3521 994 3573 &diac
1015 3527 1055 3575 48.
1073 3523 1150 3574 Recta
1166 3521 1263 3573 forsan.

141 3613 186 3660 45.
202 3613 245 3661 46.
261 3612 300 3660 49.
312 3609 456 3664 2442473.
471 3612 513 3661 24.
525 3613 567 3670 58.
580 3609 680 3662 Haemo
730 3605 814 3657 Possis
840 3601 918 3656 etiam
945 3604 1143 3676 interpungerca
1169 3603 1198 3658 δι’
1219 3606 1264 3656 tibi

141 3697 187 3746 444.
203 3697 245 3745 48.
268 3689 410 3747 04141456.
433 3697 474 3746 59.
495 3693 564 3746 Eam
580 3697 621 3745 60.
635 3699 677 3746 65.
730 3689 894 3759 (simplicitas
908 3692 1015 3760 uxoria)
1036 3691 1133 3743 deditur
1152 3691 1195 3742 acri
1214 3689 1264 3742 Est

141 3774 226 3828 Am
239 3772 283 3827 alii
297 3775 376 3828 etiam
397 3775 511 3828 Hcaaiu.
527 3775 572 3846 qui
590 3785 679 3828 tanen
728 3777 839 3836 mamus,
860 3771 901 3826 vel
925 3792 985 3828 cum
1003 3773 1099 3828 lamba.
1126 3772 1213 3844 legere
1234 3771 1263 3828 St

140 3859 247 3912 Ham
258 3859 339 3914 edidit
348 3877 403 3930 sap.
418 3861 511 3924 111,99.
523 3861 570 3914 ubi
586 3879 611 3914 v.
625 3867 680 3913 not.
729 3869 765 3910 est
778 3861 882 3910 aumas.
896 3857 947 3910 Sed
963 3877 989 3912 a.
1003 3857 1035 3910 ad
1049 3859 1101 3922 w,
1117 3864 1159 3910 63.

178 3947 541 4007 immacalatam.
764 3943 823 3994 217.
836 3941 959 4012 comaga
984 3946 1024 3995 rs.
1045 3944 1089 3995 27.
1112 3945 1152 3993 46.
1165 3943 1263 3994 rata

176 4031 240 4081 205.
272 4029 368 4081 Datim
391 4033 430 4081 45.
450 4033 489 4081 46.
513 4031 557 4081 20.
578 4029 620 4081 74.
639 4029 680 4080 25.
731 4029 774 4079 ⁵8.

143 4115 188 4165 46.
201 4115 243 4165 57.
266 4115 308 4164 58.
335 4117 376 4165 δᾶ
402 4111 494 4164 Datim
515 4115 555 4164 48.
585 4115 624 4162 49.
638 4113 680 4162 24.
765 4113 825 4162 248.
846 4106 965 4160 ditabitur
990 4114 1017 4160 44
1038 4123 1070 4159 ex
1092 4123 1198 4172 rasura,
1222 4111 1262 4160 45.

143 4201 187 4249 22.
205 4200 249 4248 aa.
266 4200 308 4248 45.
327 4202 412 4248 aa·
433 4197 528 4266 ωυιμο
549 4195 634 4248 marat
649 4193 683 4248 c.
736 4197 779 4246 aa.
798 4197 838 4244 aa.
855 4197 897 4244 as.
910 4193 951 4244 45.
965 4195 1008 4244 aa.

142 4285 261 4346 11047,
276 4279 397 4331 mattos.
414 4279 447 4331 G.
459 4297 520 4332 mua
533 4296 548 4330 e
562 4277 681 4332 vebcod.
766 4277 980 4348 220.qui—qui
995 4281 1035 4329 47.
1050 4277 1091 4330 20.

144 4381 194 4418 aa
205 4362 271 4438 legit
282 4367 390 4418 Portam
404 4362 436 4416 ad
449 4361 564 4417 unroh.
578 4365 631 4416 Sat.
641 4363 684 4430 111,
768 4364 826 4414 224.
840 4357 915 4413 Nulli
927 4357 1031 4412 emend.
1042 4359 1132 4413 Heius.
1145 4357 1176 4412 ad
1185 4356 1262 4412 Ouid.

149 4452 190 4503 tt.
212 4447 259 4516 ubi
276 4457 382 4513 mouet,
396 4442 510 4504 aarum
527 4463 611 4518 propr.
628 4463 683 4504 erse
733 4443 798 4499 tter.
811 4445 975 4513 4144453..-
990 4443 1134 4498 mabsara
1151 4446 1262 4498 sterit.
