3046 5498
300 413 333 486 X
669 415 777 485 VITA
813 415 1045 486 rettulere

674 620 866 710 Isontius
889 625 1051 728 remu.

477 755 520 838 A.
540 751 587 836 V.
608 757 646 839 G.
669 755 888 896 807u8n1.
907 762 1059 840 Camers
1080 748 1246 858 Iti-⁵68.

341 961 473 1032 Claudio
492 960 593 1053 Imp,
620 959 674 1052 qui
705 964 889 1055 Agrippinae
913 971 1018 1034 uxoris
1044 961 1156 1032 fraude
1181 975 1309 1032 neeatnr
1327 963 1438 1030 boleto

300 1074 450 1128 venenato
472 1068 531 1148 (v.
550 1063 590 1126 nd
609 1066 672 1127 Sat.
692 1065 734 1139 V,
762 1071 828 1147 147.
848 1076 879 1128 et
897 1067 1030 1143 v1,ss20
1050 1072 1155 1148 seq.),
1173 1063 1205 1125 in
1220 1063 1348 1148 imperio
1360 1084 1435 1126 suo-

222 1241 228 1248 ·
298 1159 382 1224 eadit
401 1162 508 1236 Nero,
531 1161 619 1222 cuius
640 1169 673 1224 et
687 1161 855 1224 Domitiani
870 1161 1060 1244 temporibus
1074 1160 1343 1222 maxima'morum
1358 1180 1435 1222 eor-

298 1253 420 1340 ruptela
442 1255 647 1342 immaniaque
666 1257 740 1318 sitia
761 1259 866 1341 vigent
886 1267 917 1320 et
935 1256 1066 1340 flagitia,
1086 1276 1164 1340 quae
1184 1256 1215 1316 in
1236 1254 1346 1340 primis
1365 1257 1434 1318 Sat-¹

299 1349 326 1415 I.
347 1352 389 1414 II.
411 1351 467 1414 III.
488 1351 539 1414 VI.
560 1361 591 1415 et
611 1352 697 1414 VIII.
718 1353 951 1416 adumbrantur.
973 1355 1022 1414 Ex
1036 1352 1144 1416 iisdem
1158 1349 1353 1438 intelligitur,
1366 1353 1434 1414 Ns-

298 1469 409 1514 ronem
442 1449 536 1512 fuisse
566 1458 759 1532 tyrannum,
791 1449 951 1533 aurigam,
983 1457 1164 1525 cantorem,
1200 1446 1432 1524 citharoedum,

297 1545 499 1622 histrionem,
520 1545 705 1628 popinarum
732 1547 1017 1628 frequentatorem,
1049 1543 1299 1630 praedicatorem,
1320 1545 1434 1608 insen-

296 1641 447 1718 diarium,
466 1643 654 1704 Troicorum
674 1642 867 1726 scriptorem.
887 1663 915 1704 v.
937 1639 1034 1704 Index
1065 1650 1096 1704 ot
1125 1641 1190 1704 Sat.
1219 1639 1306 1718 VIII,
1339 1639 1434 1720 193..

297 1739 369 1802 230.
390 1739 511 1800 Famosi
530 1737 684 1801 delatores
705 1738 797 1800 huius
821 1737 888 1801 aevi
919 1737 1044 1815 Matho,
1076 1735 1285 1815 Heliodorus,
1315 1737 1436 1800 Deme-

298 1836 400 1910 trius,
419 1834 567 1918 Egnatius
587 1834 698 1911 Celer,
718 1834 879 1918 Regulus,
900 1835 1016 1913 Massa,
1037 1835 1149 1912 Carus,
1169 1835 1308 1900 Latinus.
1328 1833 1377 1898 cf.
1389 1833 1433 1900 ad

299 1928 364 1994 Sat·
384 1929 413 2008 1,
433 1929 559 1994 32-36.
579 1931 666 1995 Nero
685 1929 800 1994 dicitur
818 1931 972 1994 Domitium
991 1930 1056 1994 Sat.
1075 1929 1163 2010 VIII,
1182 1931 1255 1995 228.

723 2160 917 2238 Ivvnusus
942 2159 998 2236 16.

593 2301 636 2382 A.
655 2303 701 2380 V.
721 2303 761 2382 C.
781 2305 868 2382 810.
889 2303 1038 2382 Caesari
1055 2297 1117 2399 57.

336 2505 370 2576 Si
392 2521 474 2576 reolo
495 2512 646 2578 Iuvenalis
665 2512 796 2576 natalem
826 2511 1039 2590 definivimus,
1072 2513 1130 2576 hoo
1151 2532 1233 2576 uano
1253 2521 1354 2596 togam
1373 2513 1436 2576 illa
1471 2597 1472 2600 Ἴ

298 2609 419 2672 virilem
440 2610 570 2689 sumsit,
589 2609 704 2693 quippe
724 2631 803 2694 quae
823 2631 906 2670 anno
927 2610 1030 2671 aetatis
1046 2609 1124 2670 XVI
1145 2607 1270 2670 ineunte
1282 2609 1361 2670 sumi
1374 2629 1430 2670 aa·

295 2701 378 2766 lebat
398 2704 451 2768 illo
473 2726 557 2768 aevo.
578 2727 606 2767 v.
627 2706 760 2766 Messeni
781 2704 842 2768 vita
857 2703 963 2767 Ovidii
978 2703 1159 2780 etIIoraIII,
1174 2725 1308 2766 necnon
1324 2705 1431 2768 NorIa.

298 2799 467 2884 Cenotaph.
489 2801 587 2864 Pissn.
608 2823 636 2886 p.
662 2803 716 2863 115
738 2821 801 2882 seq.
820 2800 939 2862 Eodem
970 2823 1053 2862 anno
1074 2801 1272 2862 Cossutianus
1292 2803 1427 2884 Cupito,

299 2895 446 2978 Tigellini
466 2916 562 2980 gener
582 2906 613 2959 et
643 2895 767 2958 Clliciae
805 2898 1002 2978 praelectus,
1032 2896 1071 2958 de
1095 2896 1232 2979 pecuniis
1251 2896 1434 2980 repetundis

297 2991 470 3078 postulatus
490 3015 508 3056 a
528 2992 674 3057 Cilicibus
695 3002 727 3056 et
747 2991 913 3056 damnatus
928 3003 981 3056 est.
1006 2992 1101 3056 crau
1121 2995 1186 3056 Sat.
1207 2991 1294 3074 VIII,
1314 2993 1366 3074 93.

675 3216 679 3222 ”
726 3223 920 3300 Ivvnusus
947 3225 1003 3300 18.

597 3319 641 3449 A.
660 3374 705 3447 V.
727 3373 766 3449 C.
786 3373 875 3450 812.
896 3375 1045 3450 Cumsrt
1063 3369 1124 3472 59.

339 3578 376 3640 G.
401 3576 531 3640 Fonteio
552 3577 703 3661 Capitone
721 3586 752 3640 et
763 3575 912 3654 Vipsania
926 3575 1010 3640 Cosa.
1030 3574 1166 3640 nascitur
1181 3569 1337 3652 Calvinus,
1350 3570 1427 3641 ami·

298 3695 351 3740 oue
371 3671 534 3740 Iuvenalis.
554 3674 603 3738 CI.
623 3673 662 3736 ad
682 3673 745 3736 Sat.
765 3673 851 3751 XIII,
877 3693 924 3756 ¹7·

718 3901 912 3978 Ivvnusms
934 3926 994 3980 21.

471 4115 480 4132 ,
594 4047 637 4121 Α.
655 4047 701 4120 V.
721 4047 761 4120 C.
780 4043 868 4122 815.
888 4047 1041 4122 Cuassrr
1058 4045 1120 4119 62.

338 4248 405 4312 IIoe
424 4248 506 4310 forts
526 4265 608 4310 anno
628 4249 760 4332 primam
779 4251 870 4331 po's'ta
889 4246 990 4331 posuit
1010 4205 1146 4314 barbam,
1180 4245 1229 4308 cf.
1250 4239 1287 4308 sal
1308 4247 1369 4310 stt
1395 4246 1423 4326 1,

295 4345 339 4414 25
358 4363 422 4430 toq-
442 4345 530 4426 xul,
550 4345 590 4412 56
610 4366 672 4430 seq·
693 4355 725 4410 et
743 4343 899 4408 Dodwelli
918 4343 1029 4408 Annal.
1047 4341 1178 4423 Quintil.
1201 4365 1229 4428 p.
1242 4344 1312 4408 sao.
