3078 5494
325 447 417 542 290
775 438 992 500 excvttsts

712 693 715 706 '
770 737 989 803 excvnsvs
1076 708 1080 719 '

714 885 763 946 An
783 883 858 946 Str.
878 881 925 956 V,
945 900 1049 961 9-11·
1073 941 1075 950 ,

364 1023 401 1086 ln
421 1041 450 1082 v.
476 1041 533 1096 ιο,
552 1019 605 1103 qni
625 1039 642 1082 a
661 1015 792 1083 librariis
812 1015 934 1078 videtur
960 997 1141 1097 dorrnptus,
1172 1013 1256 1075 nnlln
1275 1034 1378 1098 nsque
1397 969 1464 1076 lii·x

323 1118 453 1180 brorum
471 1115 561 1177 lectio
580 1113 668 1175 nobis
687 1113 757 1174 satis
786 1112 874 1186 facit,
893 1129 993 1194 neque
1012 1111 1191 1173 coniectura
1210 1109 1347 1174 virorum
1379 1111 1444 1173 do·

323 1223 453 1274 storum.
1030 1259 1035 1283 ,

362 1308 433 1367 lam
454 1325 512 1388 pro
530 1317 594 1366 tam
615 1303 664 1366 58.
677 1344 712 1358 -
729 1322 822 1384 quum
839 1302 941 1383 possis
962 1300 1068 1362 vitiose
1088 1307 1179 1372 (nam
1200 1300 1354 1383 posterior
1373 1300 1447 1383 e'yll.

323 1400 411 1464 verbi
426 1393 524 1482 possis
543 1399 632 1482 longa
654 1405 715 1471 est)
741 1418 786 1458 ιο.
810 1417 855 1456 ιι.
880 1397 998 1479 rei-17.
1023 1413 1142 1472 19-22.
1163 1401 1215 1471 24.
1237 1397 1284 1458 25.
1303 1413 1354 1473 27.
1367 1397 1446 1472 45-

323 1498 375 1560 5ο.
398 1497 521 1569 54-6ι.
541 1495 664 1558 63-68.
687 1493 808 1574 70-74.
829 1501 860 1552 et
880 1491 1011 1553 xxvtt.
1030 1490 1126 1554 codd.
1148 1491 1237 1552 Paria.
1265 1513 1357 1573 quum
1375 1513 1445 1572 po-

324 1594 383 1656 scis
395 1591 444 1653 65.
455 1593 559 1665 (Paris.
573 1591 671 1665 1505.)
695 1589 744 1666 69.
758 1610 851 1670 quum
867 1591 962 1670 possit
981 1589 1031 1648 23.
1051 1590 1100 1662 44.
1114 1589 1164 1650 62.
1187 1587 1234 1669 75.
1255 1590 1301 1668 76.
1314 1597 1345 1648 et
1359 1587 1443 1648 Vll!

323 1685 418 1750 MSS.
439 1685 532 1747 Peris.
552 1687 585 1744 in
606 1685 652 1746 his
672 1683 777 1758 Alem,
797 1680 932 1747 Colbert.
959 1706 983 1742 ι.
1013 1691 1043 1743 et
1061 1683 1180 1742 Thoan.
1206 1705 1229 1741 ι.
1252 1685 1322 1764 quin
1341 1685 1442 1764 possis

328 1781 375 1842 13.
389 1801 491 1862 posses
509 1793 537 1840 et
558 1781 611 1842 25.
632 1777 716 1842 Heec
736 1787 781 1840 est
800 1777 899 1838 omnis
929 1777 1057 1840 varietas
1085 1775 1242 1854 lectionis,
1269 1776 1358 1840 etium
1386 1797 1439 1854 ea,

324 1896 416 1959 quem
437 1874 611 1937 Hennidins
633 1895 663 1956 p.
684 1887 753 1952 9¹¹·
773 1873 913 1944 enotavit.

366 1971 474 2034 Prano
494 1969 595 2031 indiee
613 1969 706 2030 eutius
727 1977 790 2043 est,
811 1967 962 2050 poeticam
983 1969 1067 2030 serre
1086 1968 1256 2043 licentiam,
1271 1988 1361 2050 qnam
1375 1985 1447 2028 sen·

328 2088 396 2129 snm
416 2076 602 2150 pervertere.
636 2065 855 2148 Despanterius
876 2062 1005 2123 malebat
1020 2066 1133 2146 possin
1153 2085 1217 2146 quo
1238 2073 1341 2124 tamen
1369 2061 1449 2122 nihil

326 2161 497 2246 proficitur.
526 2161 684 2224 Ascensins
703 2158 820 2221 emend.
844 2162 922 2220 Tam
949 2163 1053 2219 ieiuna
1066 2161 1188 2241 sames,
1208 2169 1242 2220 tu
1262 2169 1325 2220 tam
1346 2159 1448 2220 same-

199 2283 204 2292 ·
329 2257 424 2331 lions,
443 2276 535 2337 quum
553 2258 647 2338 possit
666 2254 730 2318 scil.
748 2255 859 2328 fames,
875 2255 905 2314 h.
925 2274 950 2316 e.
975 2275 1070 2335 quum
1086 2255 1197 2336 possis,
1218 2255 1372 2315 honestius
1382 2253 1448 2314 illic

329 2363 360 2411 et
378 2361 502 2410 tremere
527 2357 583 2410 cet.
602 2347 649 2410 rel
681 2350 759 2410 Tem
789 2351 892 2408 ieiune
909 2349 1033 2430 santes,
1059 2369 1151 2428 qrtnm
1177 2349 1293 2430 poscis,
1321 2346 1446 2428 qnando

327 2441 414 2524 capis
433 2456 556 2504 vomere
575 2443 725 2502 honestius
743 2441 828 2514 illic,
851 2441 884 2501 in
904 2440 1188 2522 iniuriosadiritum
1208 2455 1447 2516 coena‚etmor-

327 2535 398 2596 clere
417 2535 522 2596 sordes
536 2557 558 2596 s
578 2531 750 2594 immundas
770 2533 910 2614 reliquias
921 2535 1024 2614 serris
1037 2535 1142 2594 canini
1154 2577 1164 2610 ‚
1177 2535 1263 2616 penis
1276 2532 1355 2593 adeo
1367 2532 1449 2604 duri,

327 2651 420 2711 quem
440 2651 480 2693 ne
499 2649 588 2691 canes
602 2627 724 2711 quidem
739 2649 871 2689 comesse
887 2638 1016 2710 possent.
1037 2629 1172 2691 Priorem
1190 2629 1448 2701 emendationem,

329 2725 380 2785 cui
400 2733 431 2785 et
461 2724 531 2785 libri
553 2725 674 2795 invent,
697 2743 760 2784 aon
792 2724 944 2806 improbat
963 2723 1087 2784 Pratene
1117 2733 1147 2785 et
1165 2725 1292 2806 reliquis
1312 2724 1450 2806 praefert

327 2816 497 2892 Plathner‚
516 2827 550 2877 nt
567 2825 659 2900 poeta
678 2815 832 2898 eleganter
861 2817 973 2876 tribuat
1000 2817 1094 2892 fami,
1114 2817 1198 2899 qnod
1218 2826 1321 2878 orator
1343 2817 1444 2876 fame-

327 2911 389 2972 lico
409 2911 613 2972 tribuisset.-
635 2911 771 2971 Lubinns
792 2921 822 2972 et
842 2911 988 2973 Graevius
998 2913 1107 2993 reponi
1128 2914 1233 2973 iubent
1246 2915 1320 2994 quin
1335 2913 1450 2991 poscis,

327 3003 380 3064 sed
398 3003 518 3064 diverso
539 3003 630 3065 modo
653 3003 724 3064 haec
744 3003 836 3065 verbu
857 3013 887 3066 et
906 3005 1143 3086 interpretantur
1164 3015 1194 3066 et
1207 3005 1447 3087 interpungunt.

328 3098 385 3160 llle
405 3099 468 3160 sie:
488 3101 562 3182 quein
582 3109 615 3159 tu
637 3098 730 3180 longe
758 3101 907 3162 leonantius
934 3105 1050 3182 poscis,
1074 3101 1205 3183 postules
1235 3113 1267 3163 et
1287 3110 1451 3184 praeoptas

328 3193 531 3255 mendicando
551 3193 649 3276 potius
668 3201 800 3255 tremere
821 3203 852 3254 et
870 3195 1026 3256 sordidum
1048 3194 1206 3256 comedere
1220 3215 1449 3276 penem,qnam

327 3287 460 3367 turpiter
479 3285 630 3346 adulando
645 3285 725 3346 idem
746 3286 848 3348 iecere
869 3289 900 3346 in
921 3287 1050 3347 divitum
1074 3289 1192 3348 mensis.
1223 3289 1283 3350 ttic
1303 3309 1376 3348 rere
1398 3289 1449 3348 ita:

328 3381 408 3438 Yam
429 3381 530 3440 ieiuna
546 3379 668 3459 james?
689 3380 823 3441 inmesne
844 3389 928 3442 tanta
953 3391 1016 3454 est,
1041 3391 1075 3442 nt
1102 3381 1166 3442 illas
1186 3382 1307 3464 patiaris
1326 3393 1451 3444 contu-

326 3471 449 3532 melias?
470 3475 543 3556 quin
560 3473 683 3554 poscis?
696 3495 754 3535 cur
773 3495 836 3536 non
858 3476 1035 3538 mendicas?
1054 3479 1202 3538 Honestius
1219 3487 1286 3551 est,
1307 3477 1396 3550 illic,
1419 3478 1451 3537 in

327 3566 484 3650 crepidine
504 3578 555 3628 sut
574 3578 729 3650 ponte‚et
749 3583 892 3643 tremere,
919 3571 1018 3652 frigus
1048 3572 1132 3652 pati,
1150 3586 1179 3632 et
1211 3571 1317 3633 sordes
1338 3573 1452 3655 sne-ris

329 3661 471 3724 ntor-dere
489 3661 612 3736 canini,
633 3673 664 3724 et
683 3663 807 3724 sordido
826 3685 903 3746 pane
924 3666 1023 3740 vesci,
1042 3685 1132 3748 qnam
1145 3667 1179 3726 in
1200 3687 1302 3728 mensa
1315 3665 1450 3728 divitum

326 3764 389 3816 tam
410 3755 536 3838 indigna
550 3757 621 3840 pati.
662 3758 750 3819 Hane
770 3757 934 3822 lectionem
954 3760 1242 3844 distinctionemque
1261 3771 1451 3843 receperunt

326 3851 499 3914 Henninius
518 3861 549 3914 et
568 3860 636 3934 post
656 3871 726 3912 eum
746 3851 807 3912 alii.
847 3854 909 3916 Sed
928 3875 1047 3937 poscere
1066 3855 1162 3939 simpl.
1187 3855 1261 3937 poni
1280 3877 1339 3940 pro
1353 3879 1450 3917 men-

326 3946 433 4008 dicare
452 3947 505 4008 rix
532 3945 774 4009 crediderim-
805 3948 996 4030 Grnngmm,
1026 3952 1216 4013 Britannicus
1236 3961 1266 4012 et
1295 3951 1345 4012 alii
1375 3952 1407 4011 b.
1428 3952 1449 4012 l.

326 4048 429 4102 tenent
447 4051 478 4103 et
497 4040 704 4104 difficultatem
718 4041 782 4106 eius
802 4043 850 4106 rel
869 4066 932 4106 non
951 4047 1076 4108 sensisse
1089 4045 1248 4124 videntur,
1262 4045 1310 4108 rel
1323 4046 1448 4128 snpien-

326 4144 374 4196 ter
394 4135 604 4198 dissimulasse.
1207 4206 1211 4214 ¹
1408 4137 1410 4140 ’

270 4225 277 4238 “
366 4229 517 4313 Equidem
536 4252 599 4291 non
620 4241 735 4293 mutum
767 4231 844 4293 mihi
868 4235 1047 4309 snmmrim,
1077 4245 1112 4296 nt
1141 4257 1207 4298 rem
1236 4257 1292 4300 acu
1311 4235 1448 4318 tetigisse

328 4323 406 4385 mihi
425 4325 628 4406 persuadeam.
662 4327 765 4402 Quum
781 4348 854 4389 vero
873 4329 906 4389 in
926 4329 1104 4414 lectionibus
1124 4331 1265 4393 codicum
1285 4351 1376 4393 nemo
1396 4333 1447 4392 fa-

330 4417 388 4482 cile
407 4419 597 4503 acquiescere
626 4430 656 4486 st
685 4421 832 4487 levissima
861 4417 948 4486 u'nius
972 4424 1075 4490 literae
1104 4427 1272 4492 mutatione
1299 4427 1448 4491 carminis
