<?xml version="1.0" encoding="UTF-8"?>
<!DOCTYPE html PUBLIC "-//W3C//DTD XHTML 1.0 Transitional//EN"
    "http://www.w3.org/TR/xhtml1/DTD/xhtml1-transitional.dtd">
<html xmlns="http://www.w3.org/1999/xhtml" xml:lang="en" lang="en">
 <head>
  <title>
</title>
<meta http-equiv="Content-Type" content="text/html;charset=utf-8" />
  <meta name='ocr-system' content='tesseract 3.04.00' />
  <meta name='ocr-capabilities' content='ocr_page ocr_carea ocr_par ocr_line ocrx_word'/>
</head>
<body>
  <div class='ocr_page' id='page_1' title='image "./diuniiiuvenalis00persgoog_0261.png"; bbox 0 0 3098 5498; ppageno 0'>
   <div class='ocr_carea' id='block_1_1' title="bbox 537 423 781 484">
    <p class='ocr_par' dir='ltr' id='par_1_1' title="bbox 537 423 781 484">
     <span class='ocr_line' id='line_1_1' title="bbox 537 423 781 484; baseline 0.012 -3"><span class='ocrx_word' id='word_1_1' title='bbox 537 423 689 484; x_wconf 62' lang='lat' dir='ltr'><strong>stolon</strong></span> <span class='ocrx_word' id='word_1_2' title='bbox 725 425 781 484; x_wconf 86' lang='lat' dir='ltr'><strong>vt.</strong></span> 
     </span>
    </p>
   </div>
   <div class='ocr_carea' id='block_1_2' title="bbox 1041 402 1218 546">
    <p class='ocr_par' dir='ltr' id='par_1_2' title="bbox 1041 402 1218 546">
     <span class='ocr_line' id='line_1_2' title="bbox 1041 402 1218 546; baseline 0.017 -53"><span class='ocrx_word' id='word_1_3' title='bbox 1041 541 1044 546; x_wconf 20' lang='grc' dir='ltr'>Ι</span> <span class='ocrx_word' id='word_1_4' title='bbox 1129 402 1218 496; x_wconf 81' lang='grc'><strong>773</strong></span> 
     </span>
    </p>
   </div>
   <div class='ocr_carea' id='block_1_3' title="bbox 100 616 925 710">
    <p class='ocr_par' dir='ltr' id='par_1_3' title="bbox 100 616 925 710">
     <span class='ocr_line' id='line_1_3' title="bbox 100 616 925 710; baseline 0.001 -11"><span class='ocrx_word' id='word_1_5' title='bbox 100 625 153 699; x_wconf 90' lang='lat' dir='ltr'><strong>Et</strong></span> <span class='ocrx_word' id='word_1_6' title='bbox 170 617 313 710; x_wconf 88' lang='lat' dir='ltr'><strong>caedit,</strong></span> <span class='ocrx_word' id='word_1_7' title='bbox 333 617 456 696; x_wconf 88' lang='lat' dir='ltr'><strong>donec</strong></span> <span class='ocrx_word' id='word_1_8' title='bbox 476 616 580 696; x_wconf 87' lang='lat' dir='ltr'><strong>lassis</strong></span> <span class='ocrx_word' id='word_1_9' title='bbox 601 619 847 698; x_wconf 88' lang='lat' dir='ltr'><strong>caedentibus</strong></span> <span class='ocrx_word' id='word_1_10' title='bbox 865 649 925 700; x_wconf 82' lang='lat' dir='ltr'><strong>axi</strong></span> 
     </span>
    </p>
   </div>
   <div class='ocr_carea' id='block_1_4' title="bbox 101 730 1040 844">
    <p class='ocr_par' dir='ltr' id='par_1_4' title="bbox 101 730 1040 844">
     <span class='ocr_line' id='line_1_4' title="bbox 101 730 1040 844; baseline 0.004 -31"><span class='ocrx_word' id='word_1_11' title='bbox 101 741 257 814; x_wconf 79' lang='lat' dir='ltr'><strong>Intonat</strong></span> <span class='ocrx_word' id='word_1_12' title='bbox 275 736 531 826; x_wconf 83' lang='lat' dir='ltr'><strong>horrendum,</strong></span> <span class='ocrx_word' id='word_1_13' title='bbox 549 738 622 809; x_wconf 89' lang='lat' dir='ltr'><strong>iam</strong></span> <span class='ocrx_word' id='word_1_14' title='bbox 640 730 859 841; x_wconf 51' lang='lat' dir='ltr'><strong>cognitione¹</strong></span> <span class='ocrx_word' id='word_1_15' title='bbox 877 759 1040 844; x_wconf 85' lang='lat' dir='ltr'><strong>peracta.</strong></span> 
     </span>
    </p>
   </div>
   <div class='ocr_carea' id='block_1_5' title="bbox 1170 787 1219 836">
    <p class='ocr_par' dir='ltr' id='par_1_5' title="bbox 1170 787 1219 836">
     <span class='ocr_line' id='line_1_5' title="bbox 1170 787 1219 836; baseline 0.041 -2"><span class='ocrx_word' id='word_1_16' title='bbox 1170 787 1219 836; x_wconf 89' lang='grc'><strong>485</strong></span> 
     </span>
    </p>
   </div>
   <div class='ocr_carea' id='block_1_6' title="bbox 1 851 1219 1303">
    <p class='ocr_par' dir='ltr' id='par_1_6' title="bbox 1 851 1219 1303">
     <span class='ocr_line' id='line_1_6' title="bbox 152 851 1049 935; baseline 0.006 -5"><span class='ocrx_word' id='word_1_17' title='bbox 152 853 397 930; x_wconf 81' lang='lat' dir='ltr'><strong>Praefectura</strong></span> <span class='ocrx_word' id='word_1_18' title='bbox 416 852 549 928; x_wconf 89' lang='lat' dir='ltr'><strong>domus</strong></span> <span class='ocrx_word' id='word_1_19' title='bbox 567 851 693 927; x_wconf 88' lang='lat' dir='ltr'><strong>Sicula</strong></span> <span class='ocrx_word' id='word_1_20' title='bbox 711 881 791 929; x_wconf 89' lang='lat' dir='ltr'><strong>non</strong></span> <span class='ocrx_word' id='word_1_21' title='bbox 809 859 934 932; x_wconf 89' lang='lat' dir='ltr'><strong>mitior</strong></span> <span class='ocrx_word' id='word_1_22' title='bbox 953 859 1049 935; x_wconf 88' lang='lat' dir='ltr'><strong>aula.</strong></span> 
     </span>
     <span class='ocr_line' id='line_1_7' title="bbox 103 963 1021 1074; baseline 0.003 -30"><span class='ocrx_word' id='word_1_23' title='bbox 103 970 199 1044; x_wconf 86' lang='lat' dir='ltr'><strong>Nam</strong></span> <span class='ocrx_word' id='word_1_24' title='bbox 215 970 245 1042; x_wconf 90' lang='lat' dir='ltr'><strong>si</strong></span> <span class='ocrx_word' id='word_1_25' title='bbox 266 968 472 1054; x_wconf 86' lang='lat' dir='ltr'><strong>constituit,</strong></span> <span class='ocrx_word' id='word_1_26' title='bbox 491 963 680 1068; x_wconf 85' lang='lat' dir='ltr'><strong>solitoque</strong></span> <span class='ocrx_word' id='word_1_27' title='bbox 699 967 893 1044; x_wconf 81' lang='lat' dir='ltr'><strong>decentius</strong></span> <span class='ocrx_word' id='word_1_28' title='bbox 914 987 1021 1074; x_wconf 81' lang='lat' dir='ltr'><strong>optat</strong></span> 
     </span>
     <span class='ocr_line' id='line_1_8' title="bbox 1 1083 1219 1190; baseline 0.01 -33"><span class='ocrx_word' id='word_1_29' title='bbox 1 1087 2 1101; x_wconf 58' lang='lat'>¹</span> <span class='ocrx_word' id='word_1_30' title='bbox 103 1086 244 1159; x_wconf 83' lang='lat' dir='ltr'><strong>Ornari</strong></span> <span class='ocrx_word' id='word_1_31' title='bbox 260 1102 298 1158; x_wconf 89' lang='lat' dir='ltr'><strong>et</strong></span> <span class='ocrx_word' id='word_1_32' title='bbox 315 1100 496 1186; x_wconf 83' lang='lat' dir='ltr'><strong>properat</strong></span> <span class='ocrx_word' id='word_1_33' title='bbox 514 1085 664 1184; x_wconf 90' lang='lat' dir='ltr'><strong>iamque</strong></span> <span class='ocrx_word' id='word_1_34' title='bbox 686 1095 925 1190; x_wconf 71' lang='lat' dir='ltr'><strong>exspectatur</strong></span> <span class='ocrx_word' id='word_1_35' title='bbox 943 1091 984 1164; x_wconf 91' lang='lat' dir='ltr'><strong>in</strong></span> <span class='ocrx_word' id='word_1_36' title='bbox 1001 1089 1119 1169; x_wconf 87' lang='lat' dir='ltr'><strong>hortis</strong></span> <span class='ocrx_word' id='word_1_37' title='bbox 1216 1083 1219 1092; x_wconf 47' lang='lat'>¹</span> 
     </span>
     <span class='ocr_line' id='line_1_9' title="bbox 104 1195 930 1303; baseline 0 -27"><span class='ocrx_word' id='word_1_38' title='bbox 104 1205 182 1276; x_wconf 82' lang='lat' dir='ltr'><strong>Aut</strong></span> <span class='ocrx_word' id='word_1_39' title='bbox 199 1197 301 1303; x_wconf 89' lang='lat' dir='ltr'><strong>apud</strong></span> <span class='ocrx_word' id='word_1_40' title='bbox 317 1201 455 1274; x_wconf 78' lang='lat' dir='ltr'><strong>Isiacae</strong></span> <span class='ocrx_word' id='word_1_41' title='bbox 475 1200 601 1302; x_wconf 85' lang='lat' dir='ltr'><strong>potius</strong></span> <span class='ocrx_word' id='word_1_42' title='bbox 620 1203 781 1274; x_wconf 85' lang='lat' dir='ltr'><strong>sacraria</strong></span> <span class='ocrx_word' id='word_1_43' title='bbox 792 1195 930 1293; x_wconf 85' lang='lat' dir='ltr'><strong>¹lenae;</strong></span> 
     </span>
    </p>
   </div>
   <div class='ocr_carea' id='block_1_7' title="bbox 103 1311 1096 1534">
    <p class='ocr_par' dir='ltr' id='par_1_7' title="bbox 103 1311 1096 1534">
     <span class='ocr_line' id='line_1_10' title="bbox 103 1311 894 1419; baseline 0.004 -30"><span class='ocrx_word' id='word_1_44' title='bbox 103 1317 281 1418; x_wconf 83' lang='lat' dir='ltr'><strong>Disponit</strong></span> <span class='ocrx_word' id='word_1_45' title='bbox 298 1315 441 1388; x_wconf 86' lang='lat' dir='ltr'><strong>crinem</strong></span> <span class='ocrx_word' id='word_1_46' title='bbox 460 1311 631 1388; x_wconf 88' lang='lat' dir='ltr'><strong>laceratis</strong></span> <span class='ocrx_word' id='word_1_47' title='bbox 653 1311 731 1417; x_wconf 83' lang='lat' dir='ltr'><strong>ipsa</strong></span> <span class='ocrx_word' id='word_1_48' title='bbox 750 1315 894 1419; x_wconf 83' lang='lat' dir='ltr'><strong>capillis</strong></span> 
     </span>
     <span class='ocr_line' id='line_1_11' title="bbox 105 1425 1096 1534; baseline 0.005 -26"><span class='ocrx_word' id='word_1_49' title='bbox 105 1430 217 1508; x_wconf 88' lang='lat' dir='ltr'><strong>Nuda</strong></span> <span class='ocrx_word' id='word_1_50' title='bbox 232 1431 391 1506; x_wconf 89' lang='lat' dir='ltr'><strong>humero</strong></span> <span class='ocrx_word' id='word_1_51' title='bbox 407 1435 539 1507; x_wconf 84' lang='lat' dir='ltr'><strong>Psecas</strong></span> <span class='ocrx_word' id='word_1_52' title='bbox 555 1425 688 1506; x_wconf 81' lang='lat' dir='ltr'><strong>infelix</strong></span> <span class='ocrx_word' id='word_1_53' title='bbox 706 1432 895 1534; x_wconf 90' lang='lat' dir='ltr'><strong>nudisque</strong></span> <span class='ocrx_word' id='word_1_54' title='bbox 916 1435 1096 1514; x_wconf 88' lang='lat' dir='ltr'><strong>mamillis.</strong></span> 
     </span>
    </p>
   </div>
   <div class='ocr_carea' id='block_1_8' title="bbox 1173 1361 1222 1442">
    <p class='ocr_par' dir='ltr' id='par_1_8' title="bbox 1173 1361 1222 1442">
     <span class='ocr_line' id='line_1_12' title="bbox 1173 1361 1222 1442; baseline 0.082 -32"><span class='ocrx_word' id='word_1_55' title='bbox 1173 1361 1222 1442; x_wconf 80' lang='lat' dir='ltr'><strong>oo</strong></span> 
     </span>
    </p>
   </div>
   <div class='ocr_carea' id='block_1_9' title="bbox 106 1549 1222 1890">
    <p class='ocr_par' dir='ltr' id='par_1_9' title="bbox 106 1549 1222 1890">
     <span class='ocr_line' id='line_1_13' title="bbox 106 1549 973 1654; baseline 0.001 -30"><span class='ocrx_word' id='word_1_56' title='bbox 106 1549 229 1624; x_wconf 80' lang='lat' dir='ltr'><strong>Altior</strong></span> <span class='ocrx_word' id='word_1_57' title='bbox 248 1550 310 1624; x_wconf 92' lang='lat' dir='ltr'><strong>hic</strong></span> <span class='ocrx_word' id='word_1_58' title='bbox 328 1577 448 1652; x_wconf 87' lang='lat' dir='ltr'><strong>quare</strong></span> <span class='ocrx_word' id='word_1_59' title='bbox 466 1549 691 1622; x_wconf 84' lang='lat' dir='ltr'><strong>cincinnus?</strong></span> <span class='ocrx_word' id='word_1_60' title='bbox 712 1565 842 1624; x_wconf 88' lang='lat' dir='ltr'><strong>taurea</strong></span> <span class='ocrx_word' id='word_1_61' title='bbox 860 1554 973 1654; x_wconf 79' lang='lat' dir='ltr'><strong>punit</strong></span> 
     </span>
     <span class='ocr_line' id='line_1_14' title="bbox 107 1657 968 1772; baseline -0.001 -28"><span class='ocrx_word' id='word_1_62' title='bbox 107 1669 297 1760; x_wconf 82' lang='lat' dir='ltr'><strong>Continuo</strong></span> <span class='ocrx_word' id='word_1_63' title='bbox 314 1665 402 1741; x_wconf 80' lang='lat' dir='ltr'><strong>flexi</strong></span> <span class='ocrx_word' id='word_1_64' title='bbox 421 1657 563 1741; x_wconf 79' lang='lat' dir='ltr'><strong>crimen</strong></span> <span class='ocrx_word' id='word_1_65' title='bbox 583 1663 804 1766; x_wconf 78' lang='lat' dir='ltr'><strong>facinusque</strong></span> <span class='ocrx_word' id='word_1_66' title='bbox 830 1667 968 1772; x_wconf 88' lang='lat' dir='ltr'><strong>capilli.</strong></span> 
     </span>
     <span class='ocr_line' id='line_1_15' title="bbox 106 1773 1222 1890; baseline 0.007 -36"><span class='ocrx_word' id='word_1_67' title='bbox 106 1781 209 1876; x_wconf 86' lang='lat' dir='ltr'><strong>Quid</strong></span> <span class='ocrx_word' id='word_1_68' title='bbox 226 1784 356 1856; x_wconf 89' lang='lat' dir='ltr'><strong>Psecas</strong></span> <span class='ocrx_word' id='word_1_69' title='bbox 373 1777 549 1856; x_wconf 80' lang='lat' dir='ltr'><strong>admisit?</strong></span> <span class='ocrx_word' id='word_1_70' title='bbox 568 1805 752 1881; x_wconf 88' lang='lat' dir='ltr'><strong>quaenam</strong></span> <span class='ocrx_word' id='word_1_71' title='bbox 773 1773 909 1856; x_wconf 55' lang='lat' dir='ltr'><strong>est‘hic</strong></span> <span class='ocrx_word' id='word_1_72' title='bbox 927 1783 1039 1888; x_wconf 91' lang='lat' dir='ltr'><strong>culpa</strong></span> <span class='ocrx_word' id='word_1_73' title='bbox 1059 1783 1222 1890; x_wconf 86' lang='lat' dir='ltr'><strong>puellae,</strong></span> 
     </span>
    </p>
   </div>
   <div class='ocr_carea' id='block_1_10' title="bbox 106 1895 1029 2000">
    <p class='ocr_par' dir='ltr' id='par_1_10' title="bbox 106 1895 1029 2000">
     <span class='ocr_line' id='line_1_16' title="bbox 106 1895 1029 2000; baseline 0.002 -28"><span class='ocrx_word' id='word_1_74' title='bbox 106 1899 145 1972; x_wconf 92' lang='lat' dir='ltr'><strong>Si</strong></span> <span class='ocrx_word' id='word_1_75' title='bbox 166 1897 234 1971; x_wconf 89' lang='lat' dir='ltr'><strong>tibi</strong></span> <span class='ocrx_word' id='word_1_76' title='bbox 254 1896 447 2000; x_wconf 87' lang='lat' dir='ltr'><strong>displicuit</strong></span> <span class='ocrx_word' id='word_1_77' title='bbox 461 1923 574 1972; x_wconf 91' lang='lat' dir='ltr'><strong>nasus</strong></span> <span class='ocrx_word' id='word_1_78' title='bbox 592 1899 709 1971; x_wconf 84' lang='lat' dir='ltr'><strong>tuus?</strong></span> <span class='ocrx_word' id='word_1_79' title='bbox 732 1895 861 1972; x_wconf 78' lang='lat' dir='ltr'><strong>Altera</strong></span> <span class='ocrx_word' id='word_1_80' title='bbox 882 1897 1029 1977; x_wconf 88' lang='lat' dir='ltr'><strong>laevum</strong></span> 
     </span>
    </p>
   </div>
   <div class='ocr_carea' id='block_1_11' title="bbox 1171 1943 1223 1992">
    <p class='ocr_par' dir='ltr' id='par_1_11' title="bbox 1171 1943 1223 1992">
     <span class='ocr_line' id='line_1_17' title="bbox 1171 1943 1223 1992; baseline 0.077 -3"><span class='ocrx_word' id='word_1_81' title='bbox 1171 1943 1223 1992; x_wconf 85' lang='grc'><strong>495</strong></span> 
     </span>
    </p>
   </div>
   <div class='ocr_carea' id='block_1_12' title="bbox 106 2007 1152 2244">
    <p class='ocr_par' dir='ltr' id='par_1_12' title="bbox 106 2007 1152 2244">
     <span class='ocr_line' id='line_1_18' title="bbox 107 2007 1152 2117; baseline 0.002 -29"><span class='ocrx_word' id='word_1_82' title='bbox 107 2013 290 2089; x_wconf 86' lang='lat' dir='ltr'><strong>Extendit</strong></span> <span class='ocrx_word' id='word_1_83' title='bbox 309 2013 500 2117; x_wconf 85' lang='lat' dir='ltr'><strong>pectitque</strong></span> <span class='ocrx_word' id='word_1_84' title='bbox 518 2039 642 2086; x_wconf 83' lang='lat' dir='ltr'><strong>comas</strong></span> <span class='ocrx_word' id='word_1_85' title='bbox 663 2029 700 2086; x_wconf 89' lang='lat' dir='ltr'><strong>et</strong></span> <span class='ocrx_word' id='word_1_86' title='bbox 719 2012 836 2089; x_wconf 87' lang='lat' dir='ltr'><strong>volvit</strong></span> <span class='ocrx_word' id='word_1_87' title='bbox 852 2007 1054 2092; x_wconf 70' lang='lat' dir='ltr'><strong>intorbcm.</strong></span> <span class='ocrx_word' id='word_1_88' title='bbox 1147 2027 1152 2040; x_wconf 87' lang='lat'>&#39;</span> 
     </span>
     <span class='ocr_line' id='line_1_19' title="bbox 106 2127 960 2244; baseline -0.002 -38"><span class='ocrx_word' id='word_1_89' title='bbox 106 2133 174 2206; x_wconf 88' lang='lat' dir='ltr'><strong>Est</strong></span> <span class='ocrx_word' id='word_1_90' title='bbox 193 2133 234 2206; x_wconf 93' lang='lat' dir='ltr'><strong>in</strong></span> <span class='ocrx_word' id='word_1_91' title='bbox 251 2129 407 2206; x_wconf 91' lang='lat' dir='ltr'><strong>consilio</strong></span> <span class='ocrx_word' id='word_1_92' title='bbox 427 2147 597 2204; x_wconf 87' lang='lat' dir='ltr'><strong>matrona</strong></span> <span class='ocrx_word' id='word_1_93' title='bbox 618 2127 844 2232; x_wconf 88' lang='lat' dir='ltr'><strong>admotaque</strong></span> <span class='ocrx_word' id='word_1_94' title='bbox 864 2131 960 2244; x_wconf 68' lang='lat' dir='ltr'><strong>lanis⁸</strong></span> 
     </span>
    </p>
   </div>
   <div class='ocr_carea' id='block_1_13' title="bbox 105 2293 643 2933">
    <p class='ocr_par' dir='ltr' id='par_1_13' title="bbox 105 2293 643 2933">
     <span class='ocr_line' id='line_1_20' title="bbox 108 2293 640 2368; baseline -0.008 -19"><span class='ocrx_word' id='word_1_95' title='bbox 108 2295 188 2350; x_wconf 81' lang='lat' dir='ltr'><strong>hahet</strong></span> <span class='ocrx_word' id='word_1_96' title='bbox 202 2305 326 2368; x_wconf 85' lang='lat' dir='ltr'><strong>uterque,</strong></span> <span class='ocrx_word' id='word_1_97' title='bbox 339 2293 457 2349; x_wconf 79' lang='lat' dir='ltr'><strong>excidite</strong></span> <span class='ocrx_word' id='word_1_98' title='bbox 473 2303 512 2348; x_wconf 98' lang='grc'><strong>47.</strong></span> <span class='ocrx_word' id='word_1_99' title='bbox 529 2313 554 2346; x_wconf 81' lang='lat' dir='ltr'><strong>v.</strong></span> <span class='ocrx_word' id='word_1_100' title='bbox 567 2293 598 2348; x_wconf 84' lang='lat' dir='ltr'><strong>ad</strong></span> <span class='ocrx_word' id='word_1_101' title='bbox 608 2295 640 2360; x_wconf 86' lang='lat' dir='ltr'><strong>li,</strong></span> 
     </span>
     <span class='ocr_line' id='line_1_21' title="bbox 109 2377 641 2448; baseline -0.002 -16"><span class='ocrx_word' id='word_1_102' title='bbox 109 2383 155 2432; x_wconf 90' lang='grc'><strong>24.</strong></span> <span class='ocrx_word' id='word_1_103' title='bbox 177 2379 292 2432; x_wconf 69' lang='lat' dir='ltr'><strong>Adsidue</strong></span> <span class='ocrx_word' id='word_1_104' title='bbox 314 2397 361 2448; x_wconf 89' lang='lat' dir='ltr'><strong>pro</strong></span> <span class='ocrx_word' id='word_1_105' title='bbox 383 2379 420 2432; x_wconf 83' lang='lat' dir='ltr'><strong>Et</strong></span> <span class='ocrx_word' id='word_1_106' title='bbox 438 2379 521 2430; x_wconf 80' lang='lat' dir='ltr'><strong>coedit</strong></span> <span class='ocrx_word' id='word_1_107' title='bbox 544 2377 641 2431; x_wconf 83' lang='lat' dir='ltr'><strong>conice.</strong></span> 
     </span>
     <span class='ocr_line' id='line_1_22' title="bbox 108 2461 641 2516; baseline -0.002 -3"><span class='ocrx_word' id='word_1_108' title='bbox 108 2461 255 2515; x_wconf 79' lang='lat' dir='ltr'><strong>Schrader..</strong></span> <span class='ocrx_word' id='word_1_109' title='bbox 268 2463 306 2516; x_wconf 80' lang='lat' dir='ltr'><strong>Et</strong></span> <span class='ocrx_word' id='word_1_110' title='bbox 319 2461 423 2514; x_wconf 75' lang='lat' dir='ltr'><strong>caedens</strong></span> <span class='ocrx_word' id='word_1_111' title='bbox 439 2465 477 2514; x_wconf 92' lang='grc'><strong>46.</strong></span> <span class='ocrx_word' id='word_1_112' title='bbox 501 2466 540 2514; x_wconf 89' lang='grc'><strong>48.</strong></span> <span class='ocrx_word' id='word_1_113' title='bbox 556 2465 596 2513; x_wconf 99' lang='grc'><strong>20.</strong></span> <span class='ocrx_word' id='word_1_114' title='bbox 609 2465 641 2513; x_wconf 90' lang='grc'><strong>22</strong></span> 
     </span>
     <span class='ocr_line' id='line_1_23' title="bbox 107 2549 642 2602; baseline -0.002 -4"><span class='ocrx_word' id='word_1_115' title='bbox 107 2551 190 2600; x_wconf 83' lang='grc'><strong>-27.</strong></span> <span class='ocrx_word' id='word_1_116' title='bbox 200 2551 242 2600; x_wconf 91' lang='grc'><strong>46.</strong></span> <span class='ocrx_word' id='word_1_117' title='bbox 255 2553 294 2602; x_wconf 93' lang='grc'><strong>48.</strong></span> <span class='ocrx_word' id='word_1_118' title='bbox 307 2553 348 2600; x_wconf 83' lang='grc'><strong>49.</strong></span> <span class='ocrx_word' id='word_1_119' title='bbox 360 2551 469 2601; x_wconf 87' lang='grc'><strong>54-69.</strong></span> <span class='ocrx_word' id='word_1_120' title='bbox 482 2549 589 2602; x_wconf 84' lang='grc'><strong>74-74.</strong></span> <span class='ocrx_word' id='word_1_121' title='bbox 598 2552 642 2599; x_wconf 84' lang='grc'><strong>77.</strong></span> 
     </span>
     <span class='ocr_line' id='line_1_24' title="bbox 106 2615 641 2700; baseline -0.006 -19"><span class='ocrx_word' id='word_1_122' title='bbox 106 2637 135 2682; x_wconf 81' lang='lat' dir='ltr'><strong>et</strong></span> <span class='ocrx_word' id='word_1_123' title='bbox 148 2627 265 2700; x_wconf 81' lang='lat' dir='ltr'><strong>plerique</strong></span> <span class='ocrx_word' id='word_1_124' title='bbox 277 2627 350 2682; x_wconf 82' lang='lat' dir='ltr'><strong>codd.</strong></span> <span class='ocrx_word' id='word_1_125' title='bbox 362 2629 438 2682; x_wconf 81' lang='lat' dir='ltr'><strong>Paris.</strong></span> <span class='ocrx_word' id='word_1_126' title='bbox 448 2629 534 2680; x_wconf 81' lang='lat' dir='ltr'><strong>cedens</strong></span> <span class='ocrx_word' id='word_1_127' title='bbox 548 2635 589 2681; x_wconf 94' lang='grc'><strong>47.</strong></span> <span class='ocrx_word' id='word_1_128' title='bbox 601 2615 641 2680; x_wconf 72' lang='lat'><strong>852</strong></span> 
     </span>
     <span class='ocr_line' id='line_1_25' title="bbox 105 2707 643 2782; baseline -0.017 -13"><span class='ocrx_word' id='word_1_129' title='bbox 105 2717 198 2769; x_wconf 82' lang='lat' dir='ltr'><strong>caedet</strong></span> <span class='ocrx_word' id='word_1_130' title='bbox 220 2719 260 2767; x_wconf 85' lang='grc'><strong>40.</strong></span> <span class='ocrx_word' id='word_1_131' title='bbox 281 2743 313 2756; x_wconf 87' lang='lat'>-</span> <span class='ocrx_word' id='word_1_132' title='bbox 330 2718 417 2782; x_wconf 80' lang='lat' dir='ltr'><strong>repetit</strong></span> <span class='ocrx_word' id='word_1_133' title='bbox 441 2711 482 2765; x_wconf 84' lang='lat' dir='ltr'><strong>cd.</strong></span> <span class='ocrx_word' id='word_1_134' title='bbox 504 2707 643 2773; x_wconf 73' lang='lat' dir='ltr'><strong>dictandi,</strong></span> 
     </span>
     <span class='ocr_line' id='line_1_26' title="bbox 105 2797 643 2868; baseline -0.011 -17"><span class='ocrx_word' id='word_1_135' title='bbox 105 2799 197 2852; x_wconf 80' lang='lat' dir='ltr'><strong>nescio</strong></span> <span class='ocrx_word' id='word_1_136' title='bbox 210 2817 260 2868; x_wconf 82' lang='lat' dir='ltr'><strong>qua</strong></span> <span class='ocrx_word' id='word_1_137' title='bbox 281 2797 438 2850; x_wconf 67' lang='lat' dir='ltr'><strong>anactoritate.</strong></span> <span class='ocrx_word' id='word_1_138' title='bbox 452 2825 485 2838; x_wconf 95' lang='lat'>-</span> <span class='ocrx_word' id='word_1_139' title='bbox 497 2807 643 2846; x_wconf 73' lang='grc'><strong>4777747477474</strong></span> 
     </span>
     <span class='ocr_line' id='line_1_27' title="bbox 107 2873 641 2933; baseline -0.015 0"><span class='ocrx_word' id='word_1_140' title='bbox 107 2885 148 2933; x_wconf 88' lang='grc'><strong>42.</strong></span> <span class='ocrx_word' id='word_1_141' title='bbox 166 2891 292 2932; x_wconf 69' lang='lat' dir='ltr'><strong>amasam</strong></span> <span class='ocrx_word' id='word_1_142' title='bbox 311 2881 393 2932; x_wconf 75' lang='grc' dir='ltr'><strong>440777ιί</strong></span> <span class='ocrx_word' id='word_1_143' title='bbox 417 2881 458 2932; x_wconf 87' lang='grc'><strong>25.</strong></span> <span class='ocrx_word' id='word_1_144' title='bbox 477 2883 517 2931; x_wconf 93' lang='grc'><strong>27.</strong></span> <span class='ocrx_word' id='word_1_145' title='bbox 536 2873 641 2929; x_wconf 83' lang='grc'><strong>46-49.</strong></span> 
     </span>
    </p>
   </div>
   <div class='ocr_carea' id='block_1_14' title="bbox 99 2965 643 4328">
    <p class='ocr_par' dir='ltr' id='par_1_14' title="bbox 99 2965 643 4328">
     <span class='ocr_line' id='line_1_28' title="bbox 110 2965 643 3017; baseline -0.008 -1"><span class='ocrx_word' id='word_1_146' title='bbox 110 2968 221 3017; x_wconf 82' lang='grc'><strong>54-63.</strong></span> <span class='ocrx_word' id='word_1_147' title='bbox 236 2967 344 3016; x_wconf 81' lang='grc'><strong>65-69.</strong></span> <span class='ocrx_word' id='word_1_148' title='bbox 367 2965 474 3016; x_wconf 88' lang='grc'><strong>74-74.</strong></span> <span class='ocrx_word' id='word_1_149' title='bbox 499 2965 539 3015; x_wconf 89' lang='grc'><strong>77.</strong></span> <span class='ocrx_word' id='word_1_150' title='bbox 563 2965 603 3014; x_wconf 86' lang='grc'><strong>85.</strong></span> <span class='ocrx_word' id='word_1_151' title='bbox 617 2969 643 3012; x_wconf 81' lang='lat' dir='ltr'><strong>el</strong></span> 
     </span>
     <span class='ocr_line' id='line_1_29' title="bbox 106 3037 642 3112; baseline -0.007 -18"><span class='ocrx_word' id='word_1_152' title='bbox 106 3041 187 3095; x_wconf 84' lang='grc' dir='ltr'><strong>477471ιί</strong></span> <span class='ocrx_word' id='word_1_153' title='bbox 200 3041 276 3094; x_wconf 85' lang='lat' dir='ltr'><strong>codd.</strong></span> <span class='ocrx_word' id='word_1_154' title='bbox 294 3041 371 3093; x_wconf 83' lang='lat' dir='ltr'><strong>Paris.</strong></span> <span class='ocrx_word' id='word_1_155' title='bbox 389 3040 478 3110; x_wconf 86' lang='lat' dir='ltr'><strong>probb.</strong></span> <span class='ocrx_word' id='word_1_156' title='bbox 494 3039 558 3092; x_wconf 72' lang='lat' dir='ltr'><strong>Aah.</strong></span> <span class='ocrx_word' id='word_1_157' title='bbox 568 3037 642 3112; x_wconf 49' lang='lat' dir='ltr'><strong>etat.</strong></span> 
     </span>
     <span class='ocr_line' id='line_1_30' title="bbox 104 3121 642 3194; baseline -0.006 -16"><span class='ocrx_word' id='word_1_158' title='bbox 104 3127 144 3178; x_wconf 80' lang='lat' dir='ltr'><strong>lta</strong></span> <span class='ocrx_word' id='word_1_159' title='bbox 158 3123 208 3178; x_wconf 90' lang='lat' dir='ltr'><strong>dici</strong></span> <span class='ocrx_word' id='word_1_160' title='bbox 221 3134 312 3194; x_wconf 86' lang='lat' dir='ltr'><strong>putant</strong></span> <span class='ocrx_word' id='word_1_161' title='bbox 319 3121 487 3176; x_wconf 82' lang='lat' dir='ltr'><strong>rationesdiei</strong></span> <span class='ocrx_word' id='word_1_162' title='bbox 496 3131 642 3175; x_wconf 75' lang='lat' dir='ltr'><strong>transactae.</strong></span> 
     </span>
     <span class='ocr_line' id='line_1_31' title="bbox 105 3199 539 3262; baseline -0.005 -1"><span class='ocrx_word' id='word_1_163' title='bbox 105 3209 161 3261; x_wconf 77' lang='lat' dir='ltr'><strong>diei</strong></span> <span class='ocrx_word' id='word_1_164' title='bbox 171 3215 213 3262; x_wconf 89' lang='grc'><strong>67.</strong></span> <span class='ocrx_word' id='word_1_165' title='bbox 532 3199 539 3234; x_wconf 61' lang='lat'>³</span> 
     </span>
     <span class='ocr_line' id='line_1_32' title="bbox 137 3273 641 3330; baseline -0.012 -1"><span class='ocrx_word' id='word_1_166' title='bbox 137 3275 320 3330; x_wconf 64' lang='lat' dir='ltr'><strong>statuariae</strong></span> <span class='ocrx_word' id='word_1_167' title='bbox 345 3279 385 3327; x_wconf 83' lang='grc'><strong>46.</strong></span> <span class='ocrx_word' id='word_1_168' title='bbox 408 3273 641 3326; x_wconf 78' lang='grc'><strong>26-27.46-50.</strong></span> 
     </span>
     <span class='ocr_line' id='line_1_33' title="bbox 104 3359 643 3424; baseline -0.009 -12"><span class='ocrx_word' id='word_1_169' title='bbox 104 3363 218 3412; x_wconf 83' lang='grc'><strong>54·67.</strong></span> <span class='ocrx_word' id='word_1_170' title='bbox 243 3361 352 3414; x_wconf 84' lang='grc'><strong>74-74,</strong></span> <span class='ocrx_word' id='word_1_171' title='bbox 372 3359 481 3410; x_wconf 88' lang='grc'><strong>77-85,</strong></span> <span class='ocrx_word' id='word_1_172' title='bbox 502 3383 534 3396; x_wconf 93' lang='grc'>-</span> <span class='ocrx_word' id='word_1_173' title='bbox 552 3367 643 3424; x_wconf 78' lang='lat' dir='ltr'><strong>parata</strong></span> 
     </span>
     <span class='ocr_line' id='line_1_34' title="bbox 103 3437 642 3513; baseline -0.004 -20"><span class='ocrx_word' id='word_1_174' title='bbox 103 3461 152 3513; x_wconf 85' lang='lat' dir='ltr'><strong>pro</strong></span> <span class='ocrx_word' id='word_1_175' title='bbox 164 3453 267 3512; x_wconf 71' lang='grc' dir='ltr'>ρσασια</span> <span class='ocrx_word' id='word_1_176' title='bbox 280 3448 323 3493; x_wconf 94' lang='grc'><strong>74.</strong></span> <span class='ocrx_word' id='word_1_177' title='bbox 336 3449 362 3493; x_wconf 85' lang='lat' dir='ltr'><strong>et</strong></span> <span class='ocrx_word' id='word_1_178' title='bbox 373 3438 439 3491; x_wconf 82' lang='lat' dir='ltr'><strong>alter</strong></span> <span class='ocrx_word' id='word_1_179' title='bbox 449 3437 505 3490; x_wconf 87' lang='lat' dir='ltr'><strong>cod.</strong></span> <span class='ocrx_word' id='word_1_180' title='bbox 514 3437 642 3510; x_wconf 74' lang='lat' dir='ltr'><strong>schegkii.</strong></span> 
     </span>
     <span class='ocr_line' id='line_1_35' title="bbox 136 3523 641 3597; baseline -0.004 -19"><span class='ocrx_word' id='word_1_181' title='bbox 136 3533 198 3580; x_wconf 87' lang='grc'><strong>486.</strong></span> <span class='ocrx_word' id='word_1_182' title='bbox 215 3525 380 3597; x_wconf 61' lang='lat' dir='ltr'><strong>Praefectura</strong></span> <span class='ocrx_word' id='word_1_183' title='bbox 396 3523 484 3576; x_wconf 75' lang='grc'><strong>74777477</strong></span> <span class='ocrx_word' id='word_1_184' title='bbox 499 3535 522 3575; x_wconf 94' lang='grc'><strong>4.</strong></span> <span class='ocrx_word' id='word_1_185' title='bbox 544 3527 584 3590; x_wconf 86' lang='grc'><strong>42.</strong></span> <span class='ocrx_word' id='word_1_186' title='bbox 601 3529 641 3576; x_wconf 94' lang='grc'><strong>44.</strong></span> 
     </span>
     <span class='ocr_line' id='line_1_36' title="bbox 103 3607 642 3674; baseline -0.009 -10"><span class='ocrx_word' id='word_1_187' title='bbox 103 3617 148 3672; x_wconf 73' lang='lat' dir='ltr'><strong>ts.</strong></span> <span class='ocrx_word' id='word_1_188' title='bbox 164 3615 293 3663; x_wconf 89' lang='grc'><strong>46.28..34</strong></span> <span class='ocrx_word' id='word_1_189' title='bbox 304 3608 377 3661; x_wconf 69' lang='lat' dir='ltr'><strong>lala.</strong></span> <span class='ocrx_word' id='word_1_190' title='bbox 390 3609 433 3674; x_wconf 78' lang='lat' dir='ltr'><strong>(v.</strong></span> <span class='ocrx_word' id='word_1_191' title='bbox 444 3607 642 3659; x_wconf 68' lang='lat' dir='ltr'><strong>VotaGramm.</strong></span> 
     </span>
     <span class='ocr_line' id='line_1_37' title="bbox 101 3687 642 3758; baseline -0.009 -15"><span class='ocrx_word' id='word_1_192' title='bbox 101 3693 144 3754; x_wconf 88' lang='lat'><strong>11,</strong></span> <span class='ocrx_word' id='word_1_193' title='bbox 161 3694 279 3758; x_wconf 76' lang='grc'><strong>77.)77.</strong></span> <span class='ocrx_word' id='word_1_194' title='bbox 295 3693 335 3742; x_wconf 76' lang='lat' dir='ltr'><strong>sa.</strong></span> <span class='ocrx_word' id='word_1_195' title='bbox 354 3695 394 3744; x_wconf 84' lang='lat'><strong>55.</strong></span> <span class='ocrx_word' id='word_1_196' title='bbox 409 3694 451 3742; x_wconf 86' lang='lat' dir='ltr'><strong>ao.</strong></span> <span class='ocrx_word' id='word_1_197' title='bbox 465 3696 507 3742; x_wconf 83' lang='grc'><strong>77.</strong></span> <span class='ocrx_word' id='word_1_198' title='bbox 521 3687 562 3742; x_wconf 83' lang='grc'><strong>77.</strong></span> <span class='ocrx_word' id='word_1_199' title='bbox 577 3691 642 3739; x_wconf 84' lang='grc'><strong>77-</strong></span> 
     </span>
     <span class='ocr_line' id='line_1_38' title="bbox 102 3769 642 3842; baseline -0.011 -14"><span class='ocrx_word' id='word_1_200' title='bbox 102 3782 146 3829; x_wconf 88' lang='grc'><strong>77.</strong></span> <span class='ocrx_word' id='word_1_201' title='bbox 162 3785 189 3826; x_wconf 83' lang='lat' dir='ltr'><strong>ct</strong></span> <span class='ocrx_word' id='word_1_202' title='bbox 202 3773 261 3827; x_wconf 84' lang='lat' dir='ltr'><strong>cod.</strong></span> <span class='ocrx_word' id='word_1_203' title='bbox 284 3771 420 3842; x_wconf 77' lang='lat' dir='ltr'><strong>Schegkii,</strong></span> <span class='ocrx_word' id='word_1_204' title='bbox 440 3790 518 3842; x_wconf 86' lang='lat' dir='ltr'><strong>quern</strong></span> <span class='ocrx_word' id='word_1_205' title='bbox 541 3769 601 3824; x_wconf 81' lang='lat' dir='ltr'><strong>vide</strong></span> <span class='ocrx_word' id='word_1_206' title='bbox 614 3771 642 3823; x_wconf 89' lang='lat' dir='ltr'><strong>in</strong></span> 
     </span>
     <span class='ocr_line' id='line_1_39' title="bbox 101 3854 641 3927; baseline -0.007 -18"><span class='ocrx_word' id='word_1_207' title='bbox 101 3857 228 3909; x_wconf 82' lang='lat' dir='ltr'><strong>Prooem.</strong></span> <span class='ocrx_word' id='word_1_208' title='bbox 246 3863 271 3909; x_wconf 87' lang='lat'><strong>5.</strong></span> <span class='ocrx_word' id='word_1_209' title='bbox 284 3854 436 3927; x_wconf 78' lang='lat' dir='ltr'><strong>Profectum</strong></span> <span class='ocrx_word' id='word_1_210' title='bbox 449 3855 524 3905; x_wconf 86' lang='lat' dir='ltr'><strong>domo</strong></span> <span class='ocrx_word' id='word_1_211' title='bbox 543 3858 583 3906; x_wconf 89' lang='grc'><strong>40.</strong></span> <span class='ocrx_word' id='word_1_212' title='bbox 602 3861 641 3905; x_wconf 88' lang='grc'><strong>44.</strong></span> 
     </span>
     <span class='ocr_line' id='line_1_40' title="bbox 103 3945 642 3995; baseline 0.002 -2"><span class='ocrx_word' id='word_1_213' title='bbox 103 3945 217 3995; x_wconf 77' lang='grc'><strong>47-20,</strong></span> <span class='ocrx_word' id='word_1_214' title='bbox 245 3946 287 3994; x_wconf 79' lang='grc'><strong>23.</strong></span> <span class='ocrx_word' id='word_1_215' title='bbox 302 3946 344 3993; x_wconf 87' lang='grc'><strong>25.</strong></span> <span class='ocrx_word' id='word_1_216' title='bbox 366 3946 406 3992; x_wconf 88' lang='grc'><strong>27.</strong></span> <span class='ocrx_word' id='word_1_217' title='bbox 425 3945 465 3992; x_wconf 83' lang='grc'><strong>32.</strong></span> <span class='ocrx_word' id='word_1_218' title='bbox 479 3945 587 3992; x_wconf 84' lang='grc'><strong>45-48.</strong></span> <span class='ocrx_word' id='word_1_219' title='bbox 600 3945 642 3994; x_wconf 85' lang='grc'><strong>50.</strong></span> 
     </span>
     <span class='ocr_line' id='line_1_41' title="bbox 103 4020 642 4078; baseline -0.011 0"><span class='ocrx_word' id='word_1_220' title='bbox 103 4029 220 4078; x_wconf 70' lang='lat' dir='ltr'><strong>tto-ss.</strong></span> <span class='ocrx_word' id='word_1_221' title='bbox 239 4029 282 4076; x_wconf 88' lang='grc'><strong>74.</strong></span> <span class='ocrx_word' id='word_1_222' title='bbox 300 4028 342 4076; x_wconf 91' lang='grc'><strong>73.</strong></span> <span class='ocrx_word' id='word_1_223' title='bbox 364 4027 406 4074; x_wconf 90' lang='grc'><strong>85.</strong></span> <span class='ocrx_word' id='word_1_224' title='bbox 424 4031 450 4073; x_wconf 83' lang='lat' dir='ltr'><strong>et</strong></span> <span class='ocrx_word' id='word_1_225' title='bbox 474 4021 550 4073; x_wconf 85' lang='lat' dir='ltr'><strong>multi</strong></span> <span class='ocrx_word' id='word_1_226' title='bbox 568 4020 642 4073; x_wconf 88' lang='lat' dir='ltr'><strong>codd.</strong></span> 
     </span>
     <span class='ocr_line' id='line_1_42' title="bbox 100 4103 641 4175; baseline -0.006 -15"><span class='ocrx_word' id='word_1_227' title='bbox 100 4109 184 4160; x_wconf 76' lang='lat' dir='ltr'><strong>Paris.</strong></span> <span class='ocrx_word' id='word_1_228' title='bbox 198 4116 288 4160; x_wconf 82' lang='lat' dir='ltr'><strong>eontra</strong></span> <span class='ocrx_word' id='word_1_229' title='bbox 303 4106 381 4158; x_wconf 85' lang='lat' dir='ltr'><strong>metri</strong></span> <span class='ocrx_word' id='word_1_230' title='bbox 395 4103 478 4175; x_wconf 77' lang='lat' dir='ltr'><strong>leges.</strong></span> <span class='ocrx_word' id='word_1_231' title='bbox 495 4104 564 4156; x_wconf 90' lang='lat' dir='ltr'><strong>unde</strong></span> <span class='ocrx_word' id='word_1_232' title='bbox 576 4104 641 4157; x_wconf 88' lang='lat' dir='ltr'><strong>Pro·</strong></span> 
     </span>
     <span class='ocr_line' id='line_1_43' title="bbox 99 4188 641 4244; baseline -0.007 0"><span class='ocrx_word' id='word_1_233' title='bbox 99 4209 203 4244; x_wconf 69' lang='lat' dir='ltr'><strong>cesum</strong></span> <span class='ocrx_word' id='word_1_234' title='bbox 214 4193 292 4243; x_wconf 80' lang='lat' dir='ltr'><strong>domo</strong></span> <span class='ocrx_word' id='word_1_235' title='bbox 305 4189 407 4242; x_wconf 85' lang='lat' dir='ltr'><strong>emend.</strong></span> <span class='ocrx_word' id='word_1_236' title='bbox 420 4188 641 4242; x_wconf 66' lang='lat' dir='ltr'><strong>&amp;turanoru-</strong></span> 
     </span>
     <span class='ocr_line' id='line_1_44' title="bbox 99 4272 641 4328; baseline -0.002 0"><span class='ocrx_word' id='word_1_237' title='bbox 99 4286 196 4328; x_wconf 77' lang='lat' dir='ltr'><strong>rettus.</strong></span> <span class='ocrx_word' id='word_1_238' title='bbox 214 4293 241 4326; x_wconf 81' lang='lat' dir='ltr'><strong>v.</strong></span> <span class='ocrx_word' id='word_1_239' title='bbox 260 4276 333 4326; x_wconf 70' lang='lat' dir='ltr'><strong>voss.</strong></span> <span class='ocrx_word' id='word_1_240' title='bbox 351 4272 369 4326; x_wconf 94' lang='grc' dir='ltr'><strong>Ι.</strong></span> <span class='ocrx_word' id='word_1_241' title='bbox 387 4274 405 4328; x_wconf 92' lang='grc' dir='ltr'><strong>Ι.</strong></span> <span class='ocrx_word' id='word_1_242' title='bbox 419 4275 496 4326; x_wconf 83' lang='lat' dir='ltr'><strong>domo</strong></span> <span class='ocrx_word' id='word_1_243' title='bbox 512 4282 551 4325; x_wconf 90' lang='grc'><strong>44.</strong></span> <span class='ocrx_word' id='word_1_244' title='bbox 575 4281 641 4327; x_wconf 87' lang='grc'><strong>47-</strong></span> 
     </span>
    </p>
   </div>
   <div class='ocr_carea' id='block_1_15' title="bbox 98 4361 641 4516">
    <p class='ocr_par' dir='ltr' id='par_1_15' title="bbox 98 4361 641 4516">
     <span class='ocr_line' id='line_1_45' title="bbox 98 4361 641 4413; baseline 0.002 -2"><span class='ocrx_word' id='word_1_245' title='bbox 98 4361 147 4411; x_wconf 83' lang='grc'><strong>27.</strong></span> <span class='ocrx_word' id='word_1_246' title='bbox 165 4363 209 4413; x_wconf 76' lang='lat'><strong>³².</strong></span> <span class='ocrx_word' id='word_1_247' title='bbox 229 4361 337 4412; x_wconf 76' lang='grc'><strong>45-48.</strong></span> <span class='ocrx_word' id='word_1_248' title='bbox 352 4361 394 4410; x_wconf 91' lang='grc'><strong>50.</strong></span> <span class='ocrx_word' id='word_1_249' title='bbox 415 4361 521 4411; x_wconf 82' lang='grc'><strong>56-68.</strong></span> <span class='ocrx_word' id='word_1_250' title='bbox 544 4365 585 4412; x_wconf 79' lang='grc'><strong>74.</strong></span> <span class='ocrx_word' id='word_1_251' title='bbox 599 4365 641 4412; x_wconf 80' lang='grc'><strong>73.</strong></span> 
     </span>
     <span class='ocr_line' id='line_1_46' title="bbox 98 4441 411 4516; baseline -0.013 -16"><span class='ocrx_word' id='word_1_252' title='bbox 98 4454 133 4500; x_wconf 76' lang='lat' dir='ltr'><strong>et</strong></span> <span class='ocrx_word' id='word_1_253' title='bbox 144 4441 210 4498; x_wconf 75' lang='lat' dir='ltr'><strong>alter</strong></span> <span class='ocrx_word' id='word_1_254' title='bbox 227 4441 285 4496; x_wconf 84' lang='lat' dir='ltr'><strong>cod.</strong></span> <span class='ocrx_word' id='word_1_255' title='bbox 300 4441 411 4516; x_wconf 74' lang='lat' dir='ltr'><strong>Schegk.</strong></span> 
     </span>
    </p>
   </div>
   <div class='ocr_carea' id='block_1_16' title="bbox 207 4529 335 4604">
    <p class='ocr_par' dir='ltr' id='par_1_16' title="bbox 207 4529 335 4604">
     <span class='ocr_line' id='line_1_47' title="bbox 207 4529 335 4604; baseline 0.016 -2"><span class='ocrx_word' id='word_1_256' title='bbox 207 4529 289 4604; x_wconf 81' lang='lat' dir='ltr'><strong>Ivv.</strong></span> <span class='ocrx_word' id='word_1_257' title='bbox 307 4529 335 4604; x_wconf 95' lang='lat' dir='ltr'><strong>I.</strong></span> 
     </span>
    </p>
   </div>
   <div class='ocr_carea' id='block_1_17' title="bbox 691 2297 1225 2785">
    <p class='ocr_par' dir='ltr' id='par_1_17' title="bbox 726 2297 1064 2354">
     <span class='ocr_line' id='line_1_48' title="bbox 726 2297 1064 2354; baseline 0.021 -7"><span class='ocrx_word' id='word_1_258' title='bbox 726 2299 784 2350; x_wconf 85' lang='grc'><strong>488.</strong></span> <span class='ocrx_word' id='word_1_259' title='bbox 798 2297 902 2352; x_wconf 64' lang='lat' dir='ltr'><strong>aebeat</strong></span> <span class='ocrx_word' id='word_1_260' title='bbox 918 2298 950 2352; x_wconf 86' lang='lat' dir='ltr'><strong>ab</strong></span> <span class='ocrx_word' id='word_1_261' title='bbox 963 2301 1005 2353; x_wconf 90' lang='grc'><strong>23.</strong></span> <span class='ocrx_word' id='word_1_262' title='bbox 1023 2303 1064 2354; x_wconf 89' lang='grc'><strong>24.</strong></span> 
     </span>
    </p>

    <p class='ocr_par' dir='ltr' id='par_1_18' title="bbox 691 2381 1223 2708">
     <span class='ocr_line' id='line_1_49' title="bbox 724 2381 1220 2450; baseline 0.018 -20"><span class='ocrx_word' id='word_1_263' title='bbox 724 2381 907 2450; x_wconf 54' lang='lat' dir='ltr'><strong>coronano</strong></span> <span class='ocrx_word' id='word_1_264' title='bbox 922 2389 944 2433; x_wconf 84' lang='grc'><strong>7.</strong></span> <span class='ocrx_word' id='word_1_265' title='bbox 958 2387 999 2434; x_wconf 85' lang='grc'><strong>77.</strong></span> <span class='ocrx_word' id='word_1_266' title='bbox 1013 2388 1054 2436; x_wconf 76' lang='lat' dir='ltr'><strong>sa.</strong></span> <span class='ocrx_word' id='word_1_267' title='bbox 1070 2387 1109 2436; x_wconf 82' lang='lat'><strong>59.</strong></span> <span class='ocrx_word' id='word_1_268' title='bbox 1122 2388 1164 2438; x_wconf 84' lang='grc' dir='ltr'><strong>7ο.</strong></span> <span class='ocrx_word' id='word_1_269' title='bbox 1177 2392 1220 2439; x_wconf 80' lang='grc'><strong>77.</strong></span> 
     </span>
     <span class='ocr_line' id='line_1_50' title="bbox 693 2465 1223 2536; baseline 0.006 -18"><span class='ocrx_word' id='word_1_270' title='bbox 693 2469 734 2518; x_wconf 83' lang='grc'><strong>76.</strong></span> <span class='ocrx_word' id='word_1_271' title='bbox 757 2471 798 2518; x_wconf 91' lang='grc'><strong>77.</strong></span> <span class='ocrx_word' id='word_1_272' title='bbox 818 2470 857 2518; x_wconf 81' lang='grc'><strong>47.</strong></span> <span class='ocrx_word' id='word_1_273' title='bbox 878 2465 1012 2536; x_wconf 67' lang='lat' dir='ltr'><strong>Campona</strong></span> <span class='ocrx_word' id='word_1_274' title='bbox 1035 2471 1075 2520; x_wconf 83' lang='grc' dir='ltr'><strong>4ο.</strong></span> <span class='ocrx_word' id='word_1_275' title='bbox 1099 2477 1138 2522; x_wconf 75' lang='lat' dir='ltr'><strong>aa.</strong></span> <span class='ocrx_word' id='word_1_276' title='bbox 1159 2476 1223 2521; x_wconf 84' lang='grc'><strong>44-</strong></span> 
     </span>
     <span class='ocr_line' id='line_1_51' title="bbox 691 2550 1222 2606; baseline 0.015 -8"><span class='ocrx_word' id='word_1_277' title='bbox 691 2550 734 2600; x_wconf 92' lang='grc'><strong>27.</strong></span> <span class='ocrx_word' id='word_1_278' title='bbox 747 2551 856 2600; x_wconf 80' lang='grc'><strong>45-50.</strong></span> <span class='ocrx_word' id='word_1_279' title='bbox 870 2553 977 2604; x_wconf 83' lang='grc'><strong>54-57.</strong></span> <span class='ocrx_word' id='word_1_280' title='bbox 991 2554 1101 2606; x_wconf 85' lang='grc'><strong>60-69.</strong></span> <span class='ocrx_word' id='word_1_281' title='bbox 1113 2557 1222 2606; x_wconf 86' lang='grc'><strong>74-74.</strong></span> 
     </span>
     <span class='ocr_line' id='line_1_52' title="bbox 692 2629 927 2708; baseline -0.013 -22"><span class='ocrx_word' id='word_1_282' title='bbox 692 2634 734 2686; x_wconf 88' lang='grc'><strong>85.</strong></span> <span class='ocrx_word' id='word_1_283' title='bbox 751 2629 794 2683; x_wconf 88' lang='lat' dir='ltr'><strong>Nil</strong></span> <span class='ocrx_word' id='word_1_284' title='bbox 813 2635 927 2708; x_wconf 75' lang='lat' dir='ltr'><strong>interest.</strong></span> 
     </span>
    </p>

    <p class='ocr_par' dir='ltr' id='par_1_19' title="bbox 726 2716 1225 2785">
     <span class='ocr_line' id='line_1_53' title="bbox 726 2716 1225 2785; baseline 0.02 -17"><span class='ocrx_word' id='word_1_285' title='bbox 726 2720 776 2768; x_wconf 92' lang='grc'><strong>490</strong></span> <span class='ocrx_word' id='word_1_286' title='bbox 789 2733 841 2785; x_wconf 78' lang='lat' dir='ltr'><strong>seq.</strong></span> <span class='ocrx_word' id='word_1_287' title='bbox 855 2719 930 2772; x_wconf 82' lang='lat' dir='ltr'><strong>Conl.</strong></span> <span class='ocrx_word' id='word_1_288' title='bbox 939 2716 1172 2776; x_wconf 67' lang='lat' dir='ltr'><strong>tuomittmom.</strong></span> <span class='ocrx_word' id='word_1_289' title='bbox 1181 2727 1225 2778; x_wconf 88' lang='grc'><strong>39.</strong></span> 
     </span>
    </p>
   </div>
   <div class='ocr_carea' id='block_1_18' title="bbox 693 2803 1224 2925">
    <p class='ocr_par' dir='ltr' id='par_1_20' title="bbox 693 2803 1224 2925">
     <span class='ocr_line' id='line_1_54' title="bbox 693 2803 1224 2925; baseline 0.013 -7"><span class='ocrx_word' id='word_1_290' title='bbox 693 2803 784 2919; x_wconf 67' lang='lat' dir='ltr'><strong>etddi.</strong></span> <span class='ocrx_word' id='word_1_291' title='bbox 802 2863 883 2922; x_wconf 74' lang='lat' dir='ltr'><strong>Nuda</strong></span> <span class='ocrx_word' id='word_1_292' title='bbox 898 2868 998 2921; x_wconf 65' lang='lat' dir='ltr'><strong>tameo</strong></span> <span class='ocrx_word' id='word_1_293' title='bbox 1024 2876 1049 2924; x_wconf 81' lang='grc'><strong>7.</strong></span> <span class='ocrx_word' id='word_1_294' title='bbox 1072 2873 1167 2924; x_wconf 53' lang='lat' dir='ltr'><strong>tosa.</strong></span> <span class='ocrx_word' id='word_1_295' title='bbox 1182 2875 1224 2925; x_wconf 85' lang='grc'><strong>77.</strong></span> 
     </span>
    </p>
   </div>
   <div class='ocr_carea' id='block_1_19' title="bbox 694 2955 1223 3008">
    <p class='ocr_par' dir='ltr' id='par_1_21' title="bbox 694 2955 1223 3008">
     <span class='ocr_line' id='line_1_55' title="bbox 694 2955 1223 3008; baseline 0.011 -6"><span class='ocrx_word' id='word_1_296' title='bbox 694 2957 735 3004; x_wconf 92' lang='grc'><strong>44.</strong></span> <span class='ocrx_word' id='word_1_297' title='bbox 748 2955 789 3003; x_wconf 91' lang='grc'><strong>20.</strong></span> <span class='ocrx_word' id='word_1_298' title='bbox 804 2956 846 3004; x_wconf 87' lang='grc'><strong>24.</strong></span> <span class='ocrx_word' id='word_1_299' title='bbox 860 2956 901 3004; x_wconf 88' lang='grc'><strong>22.</strong></span> <span class='ocrx_word' id='word_1_300' title='bbox 911 2955 951 3003; x_wconf 91' lang='grc'><strong>24.</strong></span> <span class='ocrx_word' id='word_1_301' title='bbox 964 2956 1006 3004; x_wconf 84' lang='grc'><strong>54.</strong></span> <span class='ocrx_word' id='word_1_302' title='bbox 1017 2955 1057 3004; x_wconf 89' lang='grc'><strong>55.</strong></span> <span class='ocrx_word' id='word_1_303' title='bbox 1073 2958 1113 3007; x_wconf 91' lang='grc'><strong>70.</strong></span> <span class='ocrx_word' id='word_1_304' title='bbox 1127 2957 1167 3007; x_wconf 83' lang='grc'><strong>75.</strong></span> <span class='ocrx_word' id='word_1_305' title='bbox 1181 2961 1223 3008; x_wconf 88' lang='grc'><strong>76.</strong></span> 
     </span>
    </p>
   </div>
   <div class='ocr_carea' id='block_1_20' title="bbox 692 3031 1225 3168">
    <p class='ocr_par' dir='ltr' id='par_1_22' title="bbox 692 3031 1225 3168">
     <span class='ocr_line' id='line_1_56' title="bbox 692 3031 1225 3092; baseline 0.008 -4"><span class='ocrx_word' id='word_1_306' title='bbox 692 3037 732 3088; x_wconf 87' lang='grc'><strong>82.</strong></span> <span class='ocrx_word' id='word_1_307' title='bbox 750 3031 830 3086; x_wconf 81' lang='lat' dir='ltr'><strong>Nuda</strong></span> <span class='ocrx_word' id='word_1_308' title='bbox 850 3033 960 3086; x_wconf 76' lang='grc'><strong>5447777707</strong></span> <span class='ocrx_word' id='word_1_309' title='bbox 987 3039 1094 3090; x_wconf 87' lang='grc'><strong>45.-49.</strong></span> <span class='ocrx_word' id='word_1_310' title='bbox 1118 3041 1160 3088; x_wconf 85' lang='grc'><strong>23.</strong></span> <span class='ocrx_word' id='word_1_311' title='bbox 1182 3041 1225 3092; x_wconf 87' lang='grc'><strong>25.</strong></span> 
     </span>
     <span class='ocr_line' id='line_1_57' title="bbox 693 3115 1225 3168; baseline 0.009 -4"><span class='ocrx_word' id='word_1_312' title='bbox 693 3117 735 3165; x_wconf 88' lang='grc'><strong>26.</strong></span> <span class='ocrx_word' id='word_1_313' title='bbox 749 3117 791 3166; x_wconf 89' lang='grc'><strong>27.</strong></span> <span class='ocrx_word' id='word_1_314' title='bbox 808 3117 916 3166; x_wconf 87' lang='grc'><strong>45-50.</strong></span> <span class='ocrx_word' id='word_1_315' title='bbox 936 3119 1044 3167; x_wconf 89' lang='grc'><strong>56-69.</strong></span> <span class='ocrx_word' id='word_1_316' title='bbox 1058 3117 1166 3167; x_wconf 86' lang='grc'><strong>74-74,</strong></span> <span class='ocrx_word' id='word_1_317' title='bbox 1180 3115 1225 3168; x_wconf 91' lang='grc' dir='ltr'><strong>77.Ι</strong></span> 
     </span>
    </p>
   </div>
   <div class='ocr_carea' id='block_1_21' title="bbox 692 3193 1225 3677">
    <p class='ocr_par' dir='ltr' id='par_1_23' title="bbox 692 3193 1225 3677">
     <span class='ocr_line' id='line_1_58' title="bbox 693 3193 1225 3265; baseline -0.002 -16"><span class='ocrx_word' id='word_1_318' title='bbox 693 3199 724 3250; x_wconf 87' lang='grc'><strong>85</strong></span> <span class='ocrx_word' id='word_1_319' title='bbox 743 3205 768 3248; x_wconf 84' lang='lat' dir='ltr'><strong>et</strong></span> <span class='ocrx_word' id='word_1_320' title='bbox 779 3197 844 3248; x_wconf 85' lang='lat' dir='ltr'><strong>XIX</strong></span> <span class='ocrx_word' id='word_1_321' title='bbox 859 3193 932 3248; x_wconf 88' lang='lat' dir='ltr'><strong>codd.</strong></span> <span class='ocrx_word' id='word_1_322' title='bbox 946 3195 1025 3246; x_wconf 83' lang='lat' dir='ltr'><strong>Paris.</strong></span> <span class='ocrx_word' id='word_1_323' title='bbox 1044 3194 1113 3247; x_wconf 84' lang='lat' dir='ltr'><strong>unde</strong></span> <span class='ocrx_word' id='word_1_324' title='bbox 1127 3196 1225 3265; x_wconf 83' lang='lat' dir='ltr'><strong>reecpit</strong></span> 
     </span>
     <span class='ocr_line' id='line_1_59' title="bbox 693 3277 1225 3343; baseline 0.002 -12"><span class='ocrx_word' id='word_1_325' title='bbox 693 3277 753 3331; x_wconf 78' lang='lat' dir='ltr'><strong>ach.</strong></span> <span class='ocrx_word' id='word_1_326' title='bbox 767 3277 901 3330; x_wconf 84' lang='lat' dir='ltr'><strong>Coniicere</strong></span> <span class='ocrx_word' id='word_1_327' title='bbox 913 3279 992 3343; x_wconf 80' lang='lat' dir='ltr'><strong>possis</strong></span> <span class='ocrx_word' id='word_1_328' title='bbox 1003 3279 1070 3331; x_wconf 77' lang='lat' dir='ltr'><strong>raudo</strong></span> <span class='ocrx_word' id='word_1_329' title='bbox 1083 3279 1181 3331; x_wconf 75' lang='lat' dir='ltr'><strong>dunum</strong></span> <span class='ocrx_word' id='word_1_330' title='bbox 1192 3279 1225 3333; x_wconf 87' lang='lat' dir='ltr'><strong>ob</strong></span> 
     </span>
     <span class='ocr_line' id='line_1_60' title="bbox 692 3361 1225 3432; baseline 0.008 -21"><span class='ocrx_word' id='word_1_331' title='bbox 692 3374 747 3432; x_wconf 74' lang='lat' dir='ltr'><strong>seq.</strong></span> <span class='ocrx_word' id='word_1_332' title='bbox 759 3361 955 3412; x_wconf 73' lang='lat' dir='ltr'><strong>audismamtttis</strong></span> <span class='ocrx_word' id='word_1_333' title='bbox 963 3371 1006 3412; x_wconf 89' lang='lat' dir='ltr'><strong>aut</strong></span> <span class='ocrx_word' id='word_1_334' title='bbox 1016 3363 1083 3414; x_wconf 74' lang='lat' dir='ltr'><strong>tuda</strong></span> <span class='ocrx_word' id='word_1_335' title='bbox 1093 3361 1225 3415; x_wconf 69' lang='lat' dir='ltr'><strong>lemurum.</strong></span> 
     </span>
     <span class='ocr_line' id='line_1_61' title="bbox 694 3439 1223 3510; baseline 0.009 -20"><span class='ocrx_word' id='word_1_336' title='bbox 694 3469 726 3482; x_wconf 90' lang='lat'><strong>--</strong></span> <span class='ocrx_word' id='word_1_337' title='bbox 742 3439 842 3492; x_wconf 73' lang='lat' dir='ltr'><strong>Placeas</strong></span> <span class='ocrx_word' id='word_1_338' title='bbox 857 3445 916 3492; x_wconf 74' lang='grc'><strong>484</strong></span> <span class='ocrx_word' id='word_1_339' title='bbox 935 3459 972 3493; x_wconf 88' lang='lat' dir='ltr'><strong>m.</strong></span> <span class='ocrx_word' id='word_1_340' title='bbox 993 3461 1031 3510; x_wconf 87' lang='lat' dir='ltr'><strong>pr.</strong></span> <span class='ocrx_word' id='word_1_341' title='bbox 1055 3447 1095 3494; x_wconf 88' lang='grc'><strong>49.</strong></span> <span class='ocrx_word' id='word_1_342' title='bbox 1110 3445 1137 3493; x_wconf 89' lang='grc'><strong>24</strong></span> <span class='ocrx_word' id='word_1_343' title='bbox 1160 3463 1223 3495; x_wconf 82' lang='lat' dir='ltr'><strong>am.</strong></span> 
     </span>
     <span class='ocr_line' id='line_1_62' title="bbox 692 3527 1063 3593; baseline -0.003 -19"><span class='ocrx_word' id='word_1_344' title='bbox 692 3527 1063 3593; x_wconf 51' lang='lat' dir='ltr'><strong>ammomum</strong></span> 
     </span>
     <span class='ocr_line' id='line_1_63' title="bbox 726 3609 1223 3677; baseline -0.004 -17"><span class='ocrx_word' id='word_1_345' title='bbox 726 3611 851 3660; x_wconf 76' lang='grc' dir='ltr'><strong>49474ο74</strong></span> <span class='ocrx_word' id='word_1_346' title='bbox 866 3623 914 3675; x_wconf 84' lang='lat' dir='ltr'><strong>pro</strong></span> <span class='ocrx_word' id='word_1_347' title='bbox 934 3625 1054 3677; x_wconf 78' lang='lat' dir='ltr'><strong>quaenam</strong></span> <span class='ocrx_word' id='word_1_348' title='bbox 1073 3611 1114 3658; x_wconf 83' lang='grc'><strong>46.</strong></span> <span class='ocrx_word' id='word_1_349' title='bbox 1133 3609 1173 3660; x_wconf 89' lang='grc'><strong>85.</strong></span> <span class='ocrx_word' id='word_1_350' title='bbox 1192 3637 1223 3647; x_wconf 97' lang='grc'>-</span> 
     </span>
    </p>
   </div>
   <div class='ocr_carea' id='block_1_22' title="bbox 681 3690 1247 3761">
    <p class='ocr_par' dir='ltr' id='par_1_24' title="bbox 681 3690 1247 3761">
     <span class='ocr_line' id='line_1_64' title="bbox 681 3690 1247 3761; baseline -0.009 -17"><span class='ocrx_word' id='word_1_351' title='bbox 681 3690 734 3744; x_wconf 72' lang='lat' dir='ltr'><strong>‚luc</strong></span> <span class='ocrx_word' id='word_1_352' title='bbox 747 3702 783 3741; x_wconf 86' lang='lat' dir='ltr'><strong>est</strong></span> <span class='ocrx_word' id='word_1_353' title='bbox 796 3695 838 3742; x_wconf 88' lang='grc'><strong>23.</strong></span> <span class='ocrx_word' id='word_1_354' title='bbox 851 3702 887 3740; x_wconf 80' lang='lat' dir='ltr'><strong>eat</strong></span> <span class='ocrx_word' id='word_1_355' title='bbox 910 3707 963 3743; x_wconf 86' lang='lat' dir='ltr'><strong>nott</strong></span> <span class='ocrx_word' id='word_1_356' title='bbox 984 3699 1065 3742; x_wconf 79' lang='lat' dir='ltr'><strong>exstat</strong></span> <span class='ocrx_word' id='word_1_357' title='bbox 1083 3690 1110 3761; x_wconf 75' lang='lat' dir='ltr'><strong>lu</strong></span> <span class='ocrx_word' id='word_1_358' title='bbox 1129 3694 1169 3741; x_wconf 92' lang='grc'><strong>24.</strong></span> <span class='ocrx_word' id='word_1_359' title='bbox 1183 3691 1224 3740; x_wconf 90' lang='grc'><strong>24.</strong></span> <span class='ocrx_word' id='word_1_360' title='bbox 1244 3753 1247 3758; x_wconf 32' lang='grc' dir='ltr'>Ι</span> 
     </span>
    </p>
   </div>
   <div class='ocr_carea' id='block_1_23' title="bbox 691 3770 1226 4262">
    <p class='ocr_par' dir='ltr' id='par_1_25' title="bbox 692 3770 891 3840">
     <span class='ocr_line' id='line_1_65' title="bbox 692 3770 891 3840; baseline 0.005 -18"><span class='ocrx_word' id='word_1_361' title='bbox 692 3770 752 3822; x_wconf 74' lang='lat' dir='ltr'><strong>haec</strong></span> <span class='ocrx_word' id='word_1_362' title='bbox 765 3771 838 3840; x_wconf 81' lang='lat' dir='ltr'><strong>calpa</strong></span> <span class='ocrx_word' id='word_1_363' title='bbox 850 3773 891 3823; x_wconf 88' lang='grc'><strong>45.</strong></span> 
     </span>
    </p>

    <p class='ocr_par' dir='ltr' id='par_1_26' title="bbox 691 3854 1226 4262">
     <span class='ocr_line' id='line_1_66' title="bbox 727 3854 1221 3927; baseline 0 -19"><span class='ocrx_word' id='word_1_364' title='bbox 727 3863 785 3910; x_wconf 86' lang='grc'><strong>496.</strong></span> <span class='ocrx_word' id='word_1_365' title='bbox 800 3859 931 3927; x_wconf 77' lang='lat' dir='ltr'><strong>plectitque</strong></span> <span class='ocrx_word' id='word_1_366' title='bbox 947 3875 1032 3909; x_wconf 82' lang='lat' dir='ltr'><strong>comcs</strong></span> <span class='ocrx_word' id='word_1_367' title='bbox 1053 3854 1099 3923; x_wconf 88' lang='lat' dir='ltr'><strong>(h.</strong></span> <span class='ocrx_word' id='word_1_368' title='bbox 1112 3874 1136 3907; x_wconf 88' lang='lat' dir='ltr'><strong>e.</strong></span> <span class='ocrx_word' id='word_1_369' title='bbox 1149 3873 1221 3908; x_wconf 88' lang='lat' dir='ltr'><strong>cotn-</strong></span> 
     </span>
     <span class='ocr_line' id='line_1_67' title="bbox 693 3936 1222 4012; baseline -0.002 -22"><span class='ocrx_word' id='word_1_370' title='bbox 693 3937 770 4012; x_wconf 88' lang='lat' dir='ltr'><strong>plicat</strong></span> <span class='ocrx_word' id='word_1_371' title='bbox 783 3949 808 3990; x_wconf 85' lang='lat' dir='ltr'><strong>et</strong></span> <span class='ocrx_word' id='word_1_372' title='bbox 829 3941 965 3991; x_wconf 89' lang='lat' dir='ltr'><strong>concinnat</strong></span> <span class='ocrx_word' id='word_1_373' title='bbox 980 3941 1007 3991; x_wconf 94' lang='lat' dir='ltr'><strong>in</strong></span> <span class='ocrx_word' id='word_1_374' title='bbox 1027 3936 1154 4004; x_wconf 79' lang='lat' dir='ltr'><strong>annulos)</strong></span> <span class='ocrx_word' id='word_1_375' title='bbox 1166 3956 1222 3989; x_wconf 89' lang='lat' dir='ltr'><strong>ma-</strong></span> 
     </span>
     <span class='ocr_line' id='line_1_68' title="bbox 693 4021 1222 4090; baseline -0.002 -15"><span class='ocrx_word' id='word_1_376' title='bbox 693 4022 869 4076; x_wconf 82' lang='lat' dir='ltr'><strong>lebntlluben.</strong></span> <span class='ocrx_word' id='word_1_377' title='bbox 886 4021 966 4075; x_wconf 87' lang='lat' dir='ltr'><strong>Eleet.</strong></span> <span class='ocrx_word' id='word_1_378' title='bbox 983 4023 1022 4084; x_wconf 88' lang='lat'><strong>11,</strong></span> <span class='ocrx_word' id='word_1_379' title='bbox 1034 4027 1065 4074; x_wconf 89' lang='grc'><strong>27</strong></span> <span class='ocrx_word' id='word_1_380' title='bbox 1081 4030 1106 4073; x_wconf 85' lang='lat' dir='ltr'><strong>et</strong></span> <span class='ocrx_word' id='word_1_381' title='bbox 1121 4025 1222 4090; x_wconf 80' lang='lat' dir='ltr'><strong>flectit-</strong></span> 
     </span>
     <span class='ocr_line' id='line_1_69' title="bbox 691 4103 1226 4179; baseline -0.002 -20"><span class='ocrx_word' id='word_1_382' title='bbox 691 4127 738 4179; x_wconf 81' lang='lat' dir='ltr'><strong>que</strong></span> <span class='ocrx_word' id='word_1_383' title='bbox 755 4125 838 4159; x_wconf 78' lang='lat' dir='ltr'><strong>comas</strong></span> <span class='ocrx_word' id='word_1_384' title='bbox 868 4103 997 4159; x_wconf 81' lang='lat' dir='ltr'><strong>Almelov.</strong></span> <span class='ocrx_word' id='word_1_385' title='bbox 1024 4115 1053 4157; x_wconf 89' lang='lat' dir='ltr'><strong>ut</strong></span> <span class='ocrx_word' id='word_1_386' title='bbox 1076 4123 1173 4157; x_wconf 73' lang='lat' dir='ltr'><strong>commu</strong></span> <span class='ocrx_word' id='word_1_387' title='bbox 1199 4111 1226 4158; x_wconf 86' lang='lat' dir='ltr'><strong>iu</strong></span> 
     </span>
     <span class='ocr_line' id='line_1_70' title="bbox 691 4187 1226 4262; baseline -0.004 -20"><span class='ocrx_word' id='word_1_388' title='bbox 691 4191 785 4260; x_wconf 76' lang='lat' dir='ltr'><strong>gradus</strong></span> <span class='ocrx_word' id='word_1_389' title='bbox 792 4192 919 4262; x_wconf 69' lang='lat' dir='ltr'><strong>frangere</strong></span> <span class='ocrx_word' id='word_1_390' title='bbox 939 4208 977 4258; x_wconf 85' lang='lat' dir='ltr'><strong>ap.</strong></span> <span class='ocrx_word' id='word_1_391' title='bbox 1001 4187 1109 4258; x_wconf 82' lang='lat' dir='ltr'><strong>Quintil.</strong></span> <span class='ocrx_word' id='word_1_392' title='bbox 1137 4209 1226 4259; x_wconf 75' lang='lat' dir='ltr'><strong>eogere</strong></span> 
     </span>
    </p>
   </div>
   <div class='ocr_carea' id='block_1_24' title="bbox 691 4275 1310 4345">
    <p class='ocr_par' dir='ltr' id='par_1_27' title="bbox 691 4275 1310 4345">
     <span class='ocr_line' id='line_1_71' title="bbox 691 4275 1310 4345; baseline -0.002 -19"><span class='ocrx_word' id='word_1_393' title='bbox 691 4276 758 4327; x_wconf 81' lang='lat' dir='ltr'><strong>nodo</strong></span> <span class='ocrx_word' id='word_1_394' title='bbox 769 4293 866 4326; x_wconf 83' lang='lat' dir='ltr'><strong>comam</strong></span> <span class='ocrx_word' id='word_1_395' title='bbox 874 4293 914 4344; x_wconf 87' lang='lat' dir='ltr'><strong>ap.</strong></span> <span class='ocrx_word' id='word_1_396' title='bbox 922 4277 1011 4328; x_wconf 77' lang='lat' dir='ltr'><strong>Senes.</strong></span> <span class='ocrx_word' id='word_1_397' title='bbox 1019 4275 1146 4345; x_wconf 77' lang='lat' dir='ltr'><strong>etflexilia</strong></span> <span class='ocrx_word' id='word_1_398' title='bbox 1154 4293 1226 4326; x_wconf 83' lang='lat' dir='ltr'><strong>coma</strong></span> <span class='ocrx_word' id='word_1_399' title='bbox 1305 4297 1310 4304; x_wconf 92' lang='lat'><em>·</em></span> 
     </span>
    </p>
   </div>
   <div class='ocr_carea' id='block_1_25' title="bbox 692 4355 1223 4498">
    <p class='ocr_par' dir='ltr' id='par_1_28' title="bbox 692 4355 1223 4498">
     <span class='ocr_line' id='line_1_72' title="bbox 692 4355 904 4430; baseline -0.019 -16"><span class='ocrx_word' id='word_1_400' title='bbox 692 4379 733 4430; x_wconf 83' lang='lat' dir='ltr'><strong>ap.</strong></span> <span class='ocrx_word' id='word_1_401' title='bbox 744 4357 801 4411; x_wconf 74' lang='lat' dir='ltr'><strong>vat.</strong></span> <span class='ocrx_word' id='word_1_402' title='bbox 817 4355 904 4410; x_wconf 84' lang='lat' dir='ltr'><strong>Flacc.</strong></span> 
     </span>
     <span class='ocr_line' id='line_1_73' title="bbox 727 4439 1223 4498; baseline 0.004 -6"><span class='ocrx_word' id='word_1_403' title='bbox 727 4447 785 4498; x_wconf 87' lang='grc'><strong>497.</strong></span> <span class='ocrx_word' id='word_1_404' title='bbox 801 4443 907 4496; x_wconf 72' lang='lat' dir='ltr'><strong>concido</strong></span> <span class='ocrx_word' id='word_1_405' title='bbox 920 4445 961 4497; x_wconf 85' lang='grc'><strong>85.</strong></span> <span class='ocrx_word' id='word_1_406' title='bbox 975 4461 998 4496; x_wconf 85' lang='lat' dir='ltr'><strong>v.</strong></span> <span class='ocrx_word' id='word_1_407' title='bbox 1013 4439 1044 4494; x_wconf 88' lang='lat' dir='ltr'><strong>ad</strong></span> <span class='ocrx_word' id='word_1_408' title='bbox 1057 4446 1115 4494; x_wconf 88' lang='grc'><strong>473.</strong></span> <span class='ocrx_word' id='word_1_409' title='bbox 1129 4459 1223 4494; x_wconf 85' lang='lat' dir='ltr'><strong>-ma-</strong></span> 
     </span>
    </p>
   </div>
   <div class='ocr_carea' id='block_1_26' title="bbox 1087 4525 1120 4597">
    <p class='ocr_par' dir='ltr' id='par_1_29' title="bbox 1087 4525 1120 4597">
     <span class='ocr_line' id='line_1_74' title="bbox 1087 4525 1120 4597; baseline 0.03 -1"><span class='ocrx_word' id='word_1_410' title='bbox 1087 4525 1120 4597; x_wconf 94' lang='lat' dir='ltr'><strong>ll</strong></span> 
     </span>
    </p>
   </div>
   <div class='ocr_carea' id='block_1_27' title="bbox 0 0 1554 5498">
    <p class='ocr_par' dir='ltr' id='par_1_30' title="bbox 0 0 1554 5498">
     <span class='ocr_line' id='line_1_75' title="bbox 0 0 1554 5498; baseline 0 0"><span class='ocrx_word' id='word_1_411' title='bbox 0 0 1554 5498; x_wconf 95' lang='lat' dir='ltr'><strong> </strong></span> 
     </span>
    </p>
   </div>
  </div>
 </body>
</html>
