3108 5494
314 351 375 476 78

746 386 987 450 'lVVENALIS

309 585 354 658 ln
373 583 555 688 gremium
575 583 692 687 putris
710 581 847 657 fundat
864 583 997 675 simul,
1015 588 1094 690 ipse
1112 587 1269 696 loquaci
1367 661 1372 672 .

310 699 499 776 Gaudebit
516 697 633 789 nid03
651 695 810 777 viridem
829 701 984 778 thoraca
1002 702 1147 782 iubebit

306 819 443 892 Afferri
463 817 709 918 minimasque
730 842 846 902 nuces
865 845 1059 921 assemque
1080 841 1280 926 rogatum,

307 935 366 1010 Ad
385 961 551 1008 mensam
571 936 719 1038 quoties
738 936 922 1037 parasitus
942 941 1089 1014 venerit
1107 943 1243 1023 infans.

1375 988 1424 1038 444

359 1049 508 1126 Vilibus
519 1052 709 1153 ,ancipites
729 1049 837 1153 fungi
856 1071 1051 1156 ponentur
1071 1061 1224 1155 amicis,

305 1165 458 1242 Boletus
478 1167 655 1257 domino;
674 1165 740 1243 sed
759 1166 908 1266 qualem
924 1169 1105 1248 Claudius
1124 1175 1207 1251 edit

306 1283 403 1358 Ante
423 1279 531 1356 illum
546 1285 676 1357 uxoris
687 1335 697 1374 ,
716 1301 802 1386 post
820 1307 935 1386 quem
953 1284 1010 1361 nil
1030 1288 1188 1396 amplius
1207 1291 1298 1370 edit.

306 1563 372 1617 44444.
383 1567 415 1615 42
427 1600 435 1626 ,
452 1566 510 1617 263.
521 1571 547 1616 44
559 1569 688 1632 promont
704 1557 840 1632 oppidique

305 1649 391 1702 Ioniae
410 1647 474 1701 ibid.
495 1652 526 1710 2,
553 1651 613 1702 223.
637 1657 663 1701 44
686 1647 755 1701 alibi.
786 1642 839 1701 Atii

889 1565 978 1635 insum
997 1567 1103 1640 signnm
1123 1564 1223 1626 intern'
1236 1586 1335 1645 ponunt
1351 1597 1421 1632 non·

888 1647 965 1714 nulii,
978 1662 1102 1708 4444444444
1113 1657 1161 1709 eit:
1172 1659 1201 1711 Si
1208 1677 1271 1712 uror
1283 1671 1326 1714 tun
1336 1681 1421 1717 44444444

303 1732 490 1806 4144444427.
512 1729 612 1784 Micnle
624 1739 649 1785 7.
672 1739 712 1785 47.
734 1738 773 1785 49.
795 1737 837 1786 24.
887 1731 929 1784 444
943 1735 1009 1790 adeo
1026 1746 1079 1792 4444
1096 1759 1189 1809 pueros
1202 1746 1327 1814 pepererit
1347 1751 1421 1819 (qno

301 1821 346 1869 24.
362 1823 402 1869 45.
419 1815 534 1870 Micdnle
547 1820 588 1868 20.
607 1821 648 1870 23.
669 1812 778 1871 46-44.
795 1815 837 1871 50.
885 1835 941 1885 spes
952 1818 1100 1876 444444444444
1112 1823 1215 1879 Virroni
1224 1827 1419 1902 imminuitur),

69 1891 73 1899 ¹
159 1967 163 1976 Ι
210 1911 211 1916 ’
305 1907 348 1955 58.
374 1900 537 1954 6414144444
555 1905 597 1954 22.
618 1902 734 1975 Mygnle
755 1911 778 1955 4.
796 1906 837 1956 74.
885 1905 1422 1980 prttnsne,hooipeigrotumsoreetmu-

301 1993 343 2039 76.
359 1983 836 2056 77.prob.Lubino,utnomeniictnm
885 2003 947 2038 nera
967 1987 1000 2040 44)
1020 2007 1052 2042 eo
1080 1989 1224 2046 insontibus
1251 1994 1420 2052 4444444444

301 2068 369 2123 4444
388 2069 525 2124 concubitu
542 2068 584 2122 vel
604 2069 801 2137 commixtione,
820 2091 836 2126 4
884 2069 968 2124 immo
988 2071 1054 2126 4444444
1077 2075 1108 2128 444
1126 2076 1248 2146 donabit,
1262 2091 1300 2146 et,
1319 2085 1421 2156 quoties

299 2172 436 2224 pompe,
469 2154 538 2222 quod
562 2153 671 2208 verbum
699 2153 774 2206 nihili
789 2163 835 2208 444.

299 2239 385 2289 Immo
399 2237 503 2308 44145444
516 2255 531 2289 4
548 2249 658 2308 ptyvnpr
680 2257 699 2290 4.
713 2254 835 2308 propono,

298 2320 558 2392 coinltaiegendum
566 2322 835 2376 censuitetinmd’Or·

298 2401 363 2456 44444
377 2403 408 2456 44
425 2404 548 2458 Chariton
565 2416 574 2458 t
587 2447 595 2474 ‚
608 2414 633 2460 7.
647 2425 685 2478 pr.

334 2493 393 2543 442.
406 2491 450 2542 itte
461 2491 559 2559 loquaci
573 2495 612 2544 49.

335 2577 382 2623 442
396 2591 448 2642 seq.
465 2573 550 2626 Verbo
564 2571 627 2627 44444
640 2574 676 2628 444
689 2575 773 2646 potino
789 2574 831 2627 in·

298 2655 490 2727 terpungendn:
512 2655 562 2709 Sed
581 2669 624 2709 4444
641 2676 704 2709 moto
725 2659 834 2728 Msoalc

295 2741 395 2808 pariat!
425 2740 496 2792 Licet
514 2753 538 2792 et
551 2761 638 2812 pueros
655 2755 704 2795 tres
721 2741 755 2794 144
770 2762 830 2815 gre·

296 2825 372 2873 mium
390 2827 472 2892 patrie
481 2824 581 2895 fundat
601 2826 697 2890 44444444
720 2831 771 2896 ipse
791 2829 830 2879 do·

294 2907 367 2975 querci
379 2915 427 2958 cet.
450 2908 505 2960 Hoc
519 2917 606 2960 antem
619 2927 695 2962 444444
708 2909 832 2981 cupienda

294 2987 432 3044 videntur:
455 2994 512 3044 Tua
528 3013 590 3045 uxor
605 2994 639 3047 444
659 2997 767 3047 sterilis.-
787 2999 833 3052 sed

293 3084 336 3124 4444
365 3071 489 3143 Mycale,
521 3073 617 3146 pellex,
643 3077 723 3131 4444444
750 3099 830 3146 nmio,

297 3164 433 3224 postquam
457 3167 562 3227 repente
584 3157 655 3213 44444
682 3161 764 3216 foetus
787 3181 830 3231 44,

296 3241 399 3309 pariat!
427 3240 510 3308 Licet,
527 3261 695 3312 quamquem,
719 3259 758 3310 et,
772 3248 829 3315 444,

188 3387 192 3394 .
289 3319 382 3388 44444,
395 3341 482 3394 4444444
494 3337 542 3378 trec
554 3327 728 3398 simulporia13
741 3339 828 3385 tomen

297 3407 364 3472 ipre,
385 3406 478 3471 Virro,
500 3409 598 3480 loquaci
617 3411 734 3479 gnredebit
749 3416 828 3482 nid03

296 3488 401 3553 viridem
426 3488 530 3543 44444444
559 3493 647 3546 iubebit
674 3505 737 3560 cet,
763 3517 828 3567 quoe

293 3567 372 3620 444444
379 3570 532 3624 4444444444
539 3583 599 3626 sunt
610 3571 662 3627 44444
671 3574 822 3648 Theophra·

253 3669 258 3680 ·
293 3653 353 3706 4444
370 3673 412 3706 rne
430 3653 556 3721 44444444,
571 3668 597 3711 44
613 3659 709 3728 optime
726 3680 825 3716 conve·

293 3733 371 3789 niuno
382 3735 501 3800 Virroni,
516 3739 667 3812 neutiquam
681 3762 742 3798 44444
749 3747 825 3816 patri.

292 3820 418 3887 Quamvis
429 3823 514 3892 itaque
524 3825 630 3895 Mycale
641 3827 674 3881 sit
686 3847 752 3882 uxor
760 3831 825 3884 Tre·

292 3898 342 3971 bii3
359 3908 413 3974 ipre
424 3925 479 3960 non
491 3907 577 3974 idem,
592 3923 664 3982 preter
670 3950 678 3977 ‚
691 3913 736 3967 444
745 3913 824 3971 Virro

291 4001 346 4037 4444
360 3985 471 4042 videtur.

327 4073 386 4122 443.
406 4073 557 4146 viridemque
580 4084 619 4132 46.
644 4085 674 4132 47
695 4098 710 4132 4
727 4097 764 4133 m.
781 4099 820 4154 pr.

292 4156 351 4203 494
369 4172 405 4206 444.
420 4173 468 4208 444.
486 4170 575 4213 contra
594 4164 672 4216 rnetri
695 4161 774 4234 leges.
786 4195 821 4206 -

289 4246 313 4286 et
326 4235 429 4291 44444444
441 4247 482 4294 77.
490 4254 514 4294 et
527 4246 632 4298 viridem
640 4247 708 4316 conj.
719 4250 819 4303 Moneo.

288 4318 339 4370 Sed
353 4324 427 4391 poiitn
440 4325 557 4397 copulam
575 4331 694 4385 omittere
707 4333 778 4387 444444.
793 4353 819 4391 v.

287 4401 322 4458 ad
337 4405 387 4470 W,
406 4413 447 4462 6³.
460 4410 519 4464 Post
530 4414 592 4466 nido
607 4425 632 4469 44
649 4434 672 4470 4.
692 4422 749 4470 445.
763 4430 818 4488 post

883 2153 942 2209 44444
969 2157 1076 2225 4444444,
1099 2162 1283 2235 indignabitur.
1309 2169 1345 2222 At
1364 2169 1418 2226 444.

882 2239 986 2302 Corum.

917 2331 972 2380 444.
995 2326 1095 2398 putem
1120 2339 1160 2386 44.
1186 2337 1227 2386 44.
1252 2339 1350 2391 «terr.
1374 2341 1416 2391 44

883 2414 923 2464 62.
937 2418 977 2464 65.
993 2419 1035 2466 74.
1060 2421 1102 2468 77.
1118 2424 1144 2468 44
1157 2433 1248 2470 omne·
1269 2419 1322 2472 sere
1340 2419 1416 2474 codd.

882 2493 1037 2548 Purisieneee
1056 2497 1126 2550 unde
1149 2495 1213 2552 44444
1241 2519 1311 2556 4444444
1331 2505 1417 2574 recepi

881 2593 941 2628 curn
966 2577 1030 2632 th.
1051 2580 1097 2632 4444
1121 2579 1191 2654 vulg.
1217 2585 1304 2654 quantes
1322 2586 1416 2640 eodem

880 2676 983 2712 44444444
1004 2679 1047 2715 444
1066 2663 1098 2716 44
1114 2665 1221 2718 boletum
1241 2668 1274 2720 444
1293 2667 1415 2723 relatum.

880 2739 949 2793 44444
963 2760 1025 2796 4444
1036 2750 1126 2799 contro
1140 2757 1255 2799 mentem
1268 2754 1358 2818 potitae
1364 2747 1416 2805 dici

880 2824 983 2893 putabet
1003 2824 1130 2879 8444444444.
1150 2837 1176 2882 44
1197 2829 1275 2884 verbo
1293 2831 1322 2883 in
1346 2834 1417 2888 hunc

879 2908 997 2978 ordinem
1011 2911 1151 2983 redigendo
1167 2933 1236 2969 esse:
1253 2917 1357 2972 Boletos
1370 2921 1418 2973 do·

879 2996 964 3058 mino,
975 2997 1053 3065 fiorgt‘
1067 3011 1190 3066 ponentur
1205 3004 1293 3054 annon
1313 3001 1344 3055 V
1343 3004 1416 3056 itibus

878 3081 1011 3148 444444ρί444,
1042 3099 1084 3132 444
1103 3083 1188 3152 quoles
1212 3083 1331 3138 0444444444
1350 3087 1415 3166 edit.

878 3159 1077 3215 Heineckionon
1091 3165 1170 3218 modo
1186 3168 1261 3220 444444
1271 3181 1328 3238 poet
1341 3189 1414 3241 queen

877 3244 917 3294 4444
934 3247 1042 3314 amplius
1069 3249 1122 3300 odit
1150 3249 1347 3320 absurdissima,
1368 3253 1414 3307 sed

877 3327 955 3381 444444
969 3339 1115 3386 4444444444
1125 3339 1247 3389 446447.
1261 3340 1317 3390 448.
1330 3338 1413 3408 spurii

877 3421 903 3464 et
917 3411 997 3490 inepti
1011 3415 1150 3482 videntur,
1161 3437 1245 3491 quum
1256 3423 1309 3474 inm
1321 3441 1370 3493 per
1383 3444 1412 3478 44

876 3495 964 3566 ipsum
979 3509 1062 3568 potent
1071 3542 1079 3568 ,
1099 3513 1229 3557 auctorem
1244 3524 1339 3560 coenae
1357 3528 1413 3564 non

874 3583 1005 3638 iussurum
1019 3587 1069 3642 44444
1085 3587 1141 3641 4444
1160 3589 1245 3644 edulia
1265 3605 1410 3660 4444444444,

874 3675 900 3718 44
912 3668 1052 3724 absurdum
1067 3672 1115 3737 eit,
1136 3691 1198 3726 eum
1216 3675 1265 3730 44444
1277 3679 1340 3747 poni
1352 3677 1407 3732 4444-

875 3748 936 3804 44444
960 3752 1030 3806 cibor
1062 3753 1236 3824 delicatiores,
1264 3759 1309 3812 444
1339 3761 1409 3814 hund

875 3845 1031 3902 4444444444,
1049 3821 1139 3892 4444444
1154 3859 1215 3894 vero
1233 3842 1350 3896 convivis
1363 3843 1408 3898 vi·

872 3913 958 3971 liores.
990 3919 1050 3972 Non
1077 3919 1180 3976 viliores
1211 3933 1331 3990 44444444,
1361 3927 1408 3982 sed

871 3999 947 4054 4444444
962 4008 1091 4074 ancipites.
1105 4007 1144 4060 Cf.
1158 4011 1261 4062 Comrn.

905 4086 1070 4140 Restitnendn
1094 4091 1180 4159 potine
1204 4090 1281 4146 lectio
1305 4095 1406 4164 quales,

870 4187 934 4238 quoe
949 4169 1049 4224 doctior
1068 4183 1152 4228 estet
1174 4175 1235 4230 hinc
1262 4189 1357 4232 monn
1371 4181 1405 4233 ah

869 4251 979 4307 indoctis
991 4255 1131 4310 4444444444.
1228 4297 1233 4304 -

905 4345 961 4393 444.
974 4354 1103 4414 postquam
1114 4350 1156 4400 22.
1170 4375 1202 4390 -
1216 4349 1281 4403 44444
1301 4355 1343 4406 44.
1361 4354 1403 4404 44.

870 4429 969 4482 4444.
