3056 5490
582 405 729 464 st’rtns
765 407 806 468 V.

1148 379 1241 495 443

120 605 200 680 Nec
215 602 367 708 stloppo
392 599 554 679 tumidus
572 603 738 682 intendis
757 629 935 710 rumpere
954 606 1118 701 buccas,

118 719 248 794 Verba
264 737 373 822 togae
390 721 580 822 sequeris,
596 720 773 796 iunctura
792 719 953 802 callidus
971 723 1073 816 sori,
1186 777 1190 784 -

119 840 197 914 Ore
214 856 313 914 teres
331 835 500 928 modico,
519 833 705 942 pallentes
725 835 861 914 redere
879 865 1004 916 mores
1215 879 1248 928 u

118 957 262 1032 Doctus
281 971 319 1028 et
337 957 503 1058 ingenuo
523 949 674 1058 culpam
693 950 859 1056 defigere
880 952 994 1030 ludo..
1044 1005 1053 1022 ·

121 1192 154 1240 49
166 1201 237 1254 seqq.
252 1183 371 1238 conform
384 1181 534 1238 luvenslem
543 1184 601 1252 th,
613 1191 656 1236 444
713 1203 779 1254 quse
793 1203 841 1239 nos
857 1186 951 1256 possim
971 1185 1092 1242 sdoursts
1102 1183 1249 1259 intelligere

119 1289 177 1338 seq.
195 1287 240 1321 nec
253 1269 337 1322 etam
356 1287 478 1322 4444444444
495 1287 581 1322 raiano
601 1265 660 1324 Ne·
713 1285 766 1322 non
778 1287 927 1338 ponumns,
940 1287 994 1324 non
1007 1271 1069 1342 quin
1085 1271 1189 1324 surim
1201 1288 1250 1324 no·

121 1357 298 1422 scio-impu.
321 1350 411 1406 4114444
426 1352 491 1406 14440
507 1352 663 1406 ostentatio·
711 1362 825 1406 strsrum
848 1353 972 1408 iudicium
998 1355 1116 1410 obtusius
1141 1361 1195 1424 444,
1220 1365 1250 1409 ut

124 1437 166 1488 nis
182 1438 290 1506 species.
308 1437 411 1500 4144444,
425 1435 664 1506 014044440444444,
712 1433 822 1504 quidem
838 1433 950 1501 volunt,
966 1436 1012 1490 ssd
1025 1438 1086 1506 quis
1102 1436 1146 1491 vel
1163 1437 1252 1492 sscili-

120 1529 231 1571 naturae
245 1520 389 1571 murmuris
402 1519 660 1572 conveniensem·
712 1525 751 1570 us
765 1515 807 1572 uel
821 1515 959 1572 difficultas
970 1557 979 1585 ,
990 1537 1044 1592 que
1068 1529 1171 1574 veteres
1192 1523 1249 1574 sin·

121 1605 224 1654 44404414.
238 1599 362 1654 Priscian.
378 1601 456 1668 vm,
474 1607 530 1658 828.
547 1601 596 1654 hoc
616 1602 662 1656 in·
709 1598 787 1672 gulas
814 1599 900 1656 literss
927 1603 1115 1674 srprimersnt,
1138 1613 1248 1676 totoque

126 1695 297 1756 terprsuturs
331 1688 513 1757 importunum
546 1689 661 1758 partim
713 1683 768 1737 sere
787 1686 966 1754 pronuntietis
982 1703 1074 1740 esrum
1104 1687 1180 1742 nobis
1205 1689 1251 1744 in·

123 1773 255 1846 44014444,
284 1771 416 1844 Aristoph.
444 1771 514 1827 Plut.
539 1777 598 1827 369.
624 1771 663 1826 ibi
713 1769 814 1840 cognite
826 1779 880 1836 est,
907 1777 1092 1841 squstsmen
1109 1770 1197 1827 omnis
1217 1773 1252 1828 de

123 1853 213 1910 Schoi.
229 1853 397 1908 Cusubonus
414 1854 451 1910 its
467 1853 578 1924 sdcipits
593 1851 664 1908 solos
712 1851 830 1906 iunctura
842 1851 981 1924 disputetis
991 1853 1096 1925 pendet.

124 1934 242 1992 smbulss
259 1936 370 1992 cornicis
396 1937 495 2005 instsr3
522 1955 576 1990 non
601 1937 663 1990 sotis
749 1939 789 1988 45.
799 1934 852 1990 044
867 1949 930 1991 seres
945 1937 1054 1991 modico.
1069 1929 1107 1992 04
1118 1955 1194 2009 ssepe
1205 1959 1254 2010 po·

127 2032 213 2084 recte,
235 2018 396 2081 utvidetur.
425 2021 534 2074 Sensus:
553 2030 583 2074 tn
609 2037 663 2074 non
715 2020 787 2072 nitur
799 2037 846 2088 pm
859 2017 901 2083 iis,
910 2037 976 2090 quae
990 2020 1129 2086 diurnium,
1143 2021 1253 2093 ideoque

125 2124 205 2158 rauco
219 2123 370 2186 murmure,
383 2107 492 2158 cornicis
506 2105 600 2170 1444444,
625 2115 662 2158 ts·
714 2118 761 2170 pro
778 2101 883 2156 dicendi
901 2121 1015 2175 genere,
1031 2122 1175 2171 sermone,
1191 2123 1253 2160 444-

130 2206 190 2242 cum
205 2186 326 2258 loqueris,
339 2187 425 2240 nescio
438 2185 664 2258 qummgnndes
714 2183 796 2237 mine.
829 2199 900 2242 teres.
916 2185 1024 2242 ductum
1037 2208 1052 2241 4
1066 2188 1190 2242 membris
1202 2188 1254 2242 lus·
1273 2237 1277 2254 ,

129 2274 245 2342 (grave)
263 2273 353 2324 44ιὶ400
366 2283 413 2326 tuo
437 2271 548 2326 volutus.
570 2273 662 2342 inepte,
713 2269 799 2322 menis
815 2271 870 2323 suci
882 2267 977 2338 plenis,
993 2287 1046 2323 non
1063 2279 1151 2324 tumen
1168 2270 1249 2326 trimi·

127 2357 217 2425 inepto
231 2373 313 2408 more.

164 2446 204 2492 ts.
226 2438 350 2508 Sequitur
380 2437 455 2501 tertis
486 2437 664 2494 ostentationi·

126 2523 233 2592 species.
246 2521 302 2576 Nec
313 2523 429 2576 intrudis.
443 2521 496 2574 Nec
507 2521 533 2574 141
551 2521 613 2592 nqis.
621 2535 660 2576 444·

126 2608 226 2667 mutas,
245 2605 353 2658 inlisus.
374 2607 471 2676 ubippo
489 2623 539 2659 404
556 2606 614 2658 ficte
631 2603 664 2658 441

127 2688 326 2759 exprimendum
347 2688 422 2742 illum
439 2707 551 2754 sonum,
569 2709 664 2760 quern,

126 2773 222 2826 bucone
234 2773 337 2825 10114444
351 2791 433 2842 quurn
448 2774 473 2826 vi
486 2771 573 2828 subito
593 2791 663 2826 corn·

126 2855 291 2926 puniantur,
305 2868 398 2910 ventus
413 2875 460 2926 per
472 2853 539 2912 141414
556 2857 665 2911 emimus

127 2939 190 2992 44114.
208 2943 320 2994 Sensus.-
335 2959 387 2992 non
405 2951 432 2994 tn
446 2937 537 2994 buccas
550 2939 664 2994 nimium

129 3025 221 3088 inssss,
236 3044 288 3078 noo
303 3028 356 3088 its,
370 3037 399 3078 ut
411 3036 505 3080 ventus
517 3043 563 3080 ore
582 3024 663 3080 vehe-

128 3122 231 3166 menter
247 3127 411 3182 compressus
427 3131 472 3182 per
484 3105 552 3166 141414
572 3127 664 3166 erum·

129 3203 181 3263 9¹²·
244 3215 246 3220 ’

165 3285 204 3330 tt.
221 3283 263 3330 45.
280 3282 317 3328 46.
332 3278 486 3346 Sequuntur
513 3276 565 3328 isin
586 3275 667 3330 Ponti

128 3359 224 3414 14444144.
238 3362 367 3412 Cornutus
381 3362 431 3424 ait,
446 3359 563 3412 Persium
587 3359 668 3412 verbs

128 3443 224 3515 eligere
242 3444 268 3496 in
286 3445 421 3498 conuuuni
445 3463 493 3496 usu
522 3445 623 3512 posits,
640 3461 670 3496 44

129 3541 189 3598 epte
203 3546 373 3597 componere,
387 3539 414 3580 et
427 3531 542 3582 oratione
567 3531 606 3582 uti
622 3547 666 3580 co·

131 3619 212 3683 piosa,
224 3631 278 3666 non
290 3624 376 3666 tunren
385 3613 496 3668 tumida.
512 3617 540 3666 ln
555 3613 595 3666 his
609 3615 669 3666 Per·

130 3699 185 3750 sins
198 3697 245 3750 sibi
258 3700 311 3767 ipse
325 3702 436 3749 uinuuus
449 3697 549 3750 tribuit.

166 3785 204 3832 44.
222 3778 252 3834 V
252 3781 310 3832 cria
322 3792 398 3850 togae
413 3779 551 3833 i.e.verbs
569 3777 597 3830 in
615 3798 668 3832 444·

133 3865 218 3916 monis
237 3862 349 3935 uulgaris
360 3863 546 3916 consuetudine
560 3880 667 3916 versan-

131 3948 176 4002 414.
190 3945 322 4018 Sequeris,
336 3945 498 4019 h.l.dsligis.
523 3945 551 4002 V
551 3947 609 4000 aba
628 3959 667 3998 to·

130 4050 180 4102 gns
204 4031 370 4101 obponuntnr
386 4033 471 4086 verbis
484 4029 668 4102 sesquipedali·

134 4115 202 4194 lius,⁴
214 4115 308 4187 quibus
325 4117 414 4189 tragici
432 4118 512 4186 inepti
528 4127 592 4168 tuuc
610 4124 671 4169 nto·

132 4199 236 4252 bsntur.
242 4200 361 4272 julianus
374 4201 479 4252 callidio
487 4202 549 4253 aori.
562 4201 601 4251 De
613 4198 671 4251 iun·

714 2349 771 2414 dis,
788 2369 863 2420 ssepe
881 2352 1037 2406 transfertur
1056 2346 1253 2408 odorationem

713 2435 862 2505 copiosam,
887 2454 941 2490 non
959 2444 1048 2491 temen
1060 2437 1249 2492 luxuriantem·

715 2516 768 2572 044
777 2532 839 2571 44444
851 2519 952 2573 modion
965 2537 1020 2590 pro:
1037 2539 1083 2574 ore
1098 2522 1198 2576 modice
1211 2529 1249 2574 te·

714 2600 774 2664 reti,
786 2601 804 2654 i.
820 2617 843 2654 e.
858 2603 993 2669 cretione,
1011 2621 1076 2673 quse
1093 2604 1202 2659 modicis
1224 2617 1253 2660 et

715 2684 858 2739 verborum
874 2693 900 2739 44
916 2688 1104 2741 sententiarum
1121 2699 1148 2742 et
1169 2707 1254 2742 04444-

715 2781 866 2824 mentorum
883 2771 964 2842 copiis
975 2772 1100 2826 iostnrcts
1115 2782 1161 2826 est.
1182 2770 1252 2828 cons.

715 2855 804 2906 110444.
815 2853 843 2906 in
855 2863 911 2908 erte
930 2861 990 2910 ³23.
1013 2857 1135 2926 pallentes
1155 2875 1253 2921 440444,

715 2935 758 2989 441
768 2952 864 3002 mores,
879 2937 924 3008 qui
938 2937 1053 2994 reddunt
1067 2939 1186 2994 homines
1199 2941 1254 3012 pal-

716 3019 803 3085 lidos,
825 3019 869 3076 vel
891 3039 978 3076 mures
1000 3023 1139 3078 hominum
1166 3043 1254 3078 serem

715 3121 853 3158 censuram
870 3107 1065 3170 metuentium,
1090 3126 1199 3178 comque
1221 3109 1255 3162 ob

715 3205 819 3242 osusem
834 3187 997 3260 pellentium.
1010 3193 1108 3256 4441444,
1129 3191 1252 3262 perstrin-

717 3289 790 3342 gere.

751 3362 790 3409 46.
806 3358 1087 3413 1104444644444140044
1110 3359 1255 3424 existimat,

718 3440 865 3494 Cornutum
886 3447 987 3513 poitsrn
1005 3445 1135 3500 satiricum
1157 3443 1257 3511 1441444,

719 3523 780 3592 quis
797 3523 952 3594 Fulgentius
964 3523 1112 3578 Plancisdes
1125 3525 1157 3577 de
1172 3525 1256 3594 prisco

718 3628 839 3663 sermone
851 3629 955 3664 versum
973 3609 1088 3679 aliquem
1100 3630 1130 3663 es
1142 3611 1180 3664 M.
1188 3613 1254 3665 Cor-

719 3695 776 3746 nuti
793 3695 869 3746 44ιί44
891 3695 1021 3762 prostrat,
1046 3693 1210 3764 Persiumque
1228 3696 1258 3749 in

718 3778 803 3830 4441414
813 3777 960 3830 'scribendis
976 3778 1008 3830 41)
1026 3777 1071 3830 illo
1088 3777 1167 3831 fuisse
1181 3778 1256 3832 insti·

718 3861 805 3912 tsiturn
818 3899 825 3922 ‚
840 3859 948 3930 conligit
977 3861 1047 3913 idern
1067 3879 1099 3912 ex
1117 3861 1173 3915 ,1400
1193 3864 1256 3915 Per·

720 3943 753 3996 sii
778 3942 929 3996 1000.Ηυί4
953 3943 1078 3996 adceders
1102 3945 1262 3999 Wernsdorl'

721 4025 826 4079 videtur
843 4025 871 4079 in
890 4030 1028 4097 0044144.
1046 4029 1103 4081 min
1128 4031 1160 4081 Τ.
1176 4031 1218 4082 111.
1232 4050 1258 4100 p.

722 4109 802 4164 xvu.
818 4112 917 4164 Verum
930 4130 1020 4165 verum
1036 4111 1082 4167 ills
1092 4153 1099 4180 ,
1111 4114 1156 4183 qui
1169 4132 1184 4165 4
1196 4113 1258 4168 Ful·

715 4197 811 4266 ¹gentio
828 4195 936 4263 citetur,
959 4197 1073 4252 dubitari
1099 4209 1198 4269 potest,
1226 4215 1258 4250 ex

132 4293 208 4335 cturs
238 4301 284 4336 seu
312 4283 499 4352 compositione
531 4281 672 4335 ierboruns
722 4297 775 4349 quo
788 4280 925 4334 satirarum
940 4301 1036 4354 genere
1053 4283 1153 4346 suerit,
1178 4301 1257 4351 quum

132 4365 217 4420 mults
231 4379 413 4437 praeceperunt
432 4377 530 4424 veteres
545 4367 671 4431 rhetores,
724 4362 819 4432 reliqui
833 4365 968 4437 spriptorcs
981 4386 1081 4442 pmnrs,
1095 4367 1138 4436 qni
1152 4367 1261 4420 Cornuti

1318 3900 1323 3934 1
