3120 5494
353 434 446 552 340

842 457 973 518 PERSll

349 666 429 744 Illis
455 665 623 752 remitto,
644 661 809 768 quorum
828 659 1006 761 imagines
1031 653 1206 731 lambunt

274 833 277 841 ⁷
348 781 522 863 Hederae
547 802 748 883 sequaces:
774 777 854 878 ipse
872 771 1130 876 semipaganus

349 898 411 978 Ad
436 923 542 974 sacra
567 912 693 974 vatum
713 919 865 968 carmen
885 889 1015 968 adfero
1034 904 1218 964 ‘nostrum

349 1119 435 1162 rena.
452 1098 543 1152 matris
555 1099 712 1164 Cepahalae,
724 1095 770 1152 alii
783 1098 815 1152 ad
828 1105 883 1150 stu·
920 1087 925 1104 ⁸

349 1185 425 1240 dium
438 1203 484 1237 seu
496 1181 621 1253 pallorem
640 1187 773 1256 poe’tarum
796 1181 882 1233 labore
921 1169 924 1188 ¹

338 1267 510 1325 'contractum
523 1267 549 1321 id
563 1267 676 1322 trabunt.
689 1269 804 1339 Vtraque
817 1264 883 1318 ratio
921 1263 924 1270 '

335 1350 416 1405 ¹dura
432 1367 487 1404 esse
510 1348 630 1414 videtur,
656 1348 782 1418 posterior
796 1355 883 1400 umen

348 1433 429 1509 priori
453 1431 616 1504 probabilior.
643 1430 695 1484 Sed
717 1427 883 1502 cogitandum

349 1527 398 1580 est,
411 1517 439 1569 in
453 1516 501 1571 hoo
514 1516 641 1571 laborasse
652 1519 747 1587 po'e‘tas,
760 1524 789 1567 ut
800 1511 884 1567 multa
920 1515 924 1523 '

348 1599 504 1654 scriberent:
520 1618 581 1654 nam
597 1597 662 1654 illud
684 1597 795 1654 studium
803 1635 812 1661 ,
830 1615 884 1670 quo

337 1680 456 1734 'adsidue
479 1681 594 1734 earmina
610 1678 743 1751 poliuntur
761 1687 787 1730 et
804 1681 883 1748 peril·

349 1765 456 1820 ciuntur
466 1765 560 1820 Noster
567 1762 711 1834 intelligere
727 1781 779 1814 uon
790 1761 882 1831 potuit.

385 1856 416 1916 5,
433 1856 459 1904 6.
475 1849 528 1902 illis
537 1851 653 1912 umato,
670 1865 772 1901 aeneus:
790 1843 882 1900 Omni·

350 1932 400 1990 laus
414 1931 448 1986 ele
461 1931 595 1992 Musarum
608 1929 765 1988 commercio
776 1939 802 1986 et
812 1937 883 2000 pota·

350 2017 422 2071 tione
435 2035 560 2088 aquarum
573 2015 654 2074 lllusis
666 2031 795 2067 sacrarum
809 2031 882 2086 prae-

350 2101 523 2158 dirutionibus
545 2121 596 2174 ego
611 2119 664 2153 non
683 2111 755 2165 utar,
771 2117 882 2170 easque,

350 2203 509 2255 quamquam
529 2183 557 2236 in
581 2182 668 2238 medio
699 2183 810 2254 positas,
832 2181 884 2235 illis

350 2268 467 2344 proprias
476 2267 547 2323 cedo.
560 2268 633 2320 Hane
645 2267 699 2319 vim
710 2263 775 2321 illud
785 2268 883 2322 remitte

349 2349 380 2405 la.
405 2349 423 2403 l.
441 2349 508 2404 mibi
528 2349 623 2404 babere
641 2345 751 2404 videtur.
779 2367 883 2420 quorum

351 2437 473 2506 tunginus
489 2434 599 2490 haume
621 2433 737 2487 Hectoras
760 2450 883 2506 sequaces.

350 2517 406 2573 sat
416 2515 617 2588 imperatoribus
624 2515 756 2568 llterarum
767 2513 883 2568 studium

351 2598 395 2652 vel
411 2598 555 2654 colentibus
575 2599 616 2652 vel
633 2597 806 2652 similantibus
824 2602 884 2670 pot*-

351 2693 439 2749 tarum
451 2683 592 2742 celebrium
601 2686 723 2754 magum
736 2681 778 2737 rel
789 2681 884 2740 hedera
918 2675 921 2684 ’

352 2765 395 2823 vel
418 2769 493 2822 lauro
515 2778 651 2824 coronatae
670 2768 698 2820 in
724 2763 884 2822 bibliothecis

351 2869 412 2904 eum
426 2849 536 2924 publicis
549 2859 604 2904 tum
618 2848 723 2926 privatis
740 2849 830 2920 erponi
843 2867 884 2905 or

351 2945 427 2990 natus
434 2953 508 2988 eausa
518 2932 643 2992 solebant.
655 2933 771 2986 Hederae
781 2931 884 3004 proprie

350 3017 449 3078 Baccho
470 3035 573 3082 saeraes
596 3017 720 3090 quoniam
745 3027 832 3073 autem
855 3015 884 3068 iu

334 3093 406 3160 'eiua
422 3101 545 3154 comitatu
561 3100 652 3154 Musae
674 3098 782 3172 ideoque
794 3101 883 3170 poetae

349 3182 532 3247 inveniuntur,
547 3183 575 3240 hi
586 3201 689 3256 quoque
702 3181 796 3235 hedera
807 3180 883 3235 cincti

350 3275 580 3336 repraesentantur.
610 3265 728 3336 Orpbeus
739 3267 883 3335 Arg.7seq.

350 3351 388 3402 ait
400 3346 796 3418 aeBaeebietApolliaisalarpp
811 3347 884 3402 ἔλαυ-
921 3341 923 3344 ’

351 3430 464 3508 νόμενον.
481 3433 506 3483 Α
520 3431 635 3490 Dioscor.
650 3430 676 3482 in
695 3431 770 3484 Anal.
788 3433 884 3482 brunk.
920 3433 923 3440 ⁴

351 3518 383 3568 T.
399 3517 462 3584 l.‘p.
476 3520 535 3568 499.
553 3533 593 3590 ep.
608 3521 650 3572 2⁵.
668 3514 764 3575 Blassius
780 3525 886 3572 vocatur

350 3597 474 3666 cinereae.
497 3619 611 3670 sequaces
623 3610 744 3652 naturam
761 3597 887 3652 haederae
901 3637 903 3644 -

245 3733 246 3736 ,
351 3683 481 3754 exprimit.
531 3684 658 3748 lambiat,
670 3693 700 3737 ut
712 3681 806 3752 Virgil.
817 3681 884 3735 Aea.

350 3767 392 3828 Π,
407 3770 465 3818 684.
478 3766 503 3816 A
516 3761 605 3834 lingua
620 3762 668 3816 boe
681 3762 713 3816 ad
726 3764 844 3816 flammas
860 3773 886 3816 et

351 3845 378 3900 la.
393 3844 411 3898 l.
428 3845 461 3900 erl
479 3844 540 3900 folia
555 3843 722 3912 translatum,
735 3863 798 3920 quae
812 3845 885 3896 llam·

350 3946 455 3980 marum
480 3931 592 3999 liguram
617 3927 742 3980 releruut.
765 3925 887 3981 Consulto

351 4011 488 4083 magnilica
499 4013 599 4066 ratione
611 4011 714 4066 dicendi
725 4011 820 4066 Noster
830 4013 883 4065 uti·
917 4023 919 4029 ’

350 4107 409 4160 tur,
424 4097 557 4166 superbiae
571 4107 599 4150 et
613 4095 689 4150 sastul
703 4095 809 4155 illorum
823 4101 883 4168 pott-

350 4189 437 4232 tarum
459 4179 664 4234 adcommodata.
690 4177 736 4232 llla
766 4182 885 4243 remitto,

351 4262 438 4318 elicere
461 4263 534 4331 vult,
560 4264 640 4338 poe‘tis
666 4264 887 4334 praestantissimis
915 4274 919 4280 “

352 4345 397 4401 sol
409 4343 514 4406 illorum
527 4347 643 4418 ipsorum
658 4343 699 4398 sel
709 4345 804 4400 stolido
815 4347 885 4418 vulgi

352 4425 456 4487 iudicio.
470 4429 573 4488 teuon.
587 4435 627 4486 83.
641 4427 723 4488 Pota
735 4448 788 4484 acm
801 4441 846 4494 ets
860 4443 886 4487 ut
913 4439 918 4458 ¹

933 1083 1019 1163 spero,¹
1029 1115 1080 1152 uon
1091 1093 1224 1150 humillimi
1236 1091 1346 1160 aptatae,
1358 1093 1384 1144 si
1395 1089 1475 1144 modo

933 1181 1031 1233 amonis
1050 1180 1148 1252 aliquid
1164 1174 1314 1230 erederaclum
1330 1171 1385 1237 est',
1410 1192 1475 1244 quae

933 1265 1008 1316 alain
1033 1266 1068 1316 ad
1096 1265 1224 1334 imperitos
1255 1260 1356 1330 deferre
1385 1264 1476 1329 gratia

934 1347 1003 1402 solea

969 1429 1027 1502 Ipse
1038 1433 1221 1501 semipugoruas.
1236 1429 1338 1496 Quanta
1352 1423 1475 1496 magnill-

934 1512 1021 1568 ceatia
1034 1512 1174 1568 verborum
1186 1509 1220 1564 (le
1232 1507 1284 1562 illis
1299 1510 1378 1578 po‘e'tis
1395 1506 1473 1561 locu·

933 1607 1043 1662 tuaest,
1062 1605 1132 1649 tanta
1152 1594 1277 1648 modestia
1292 1611 1335 1662 per
1350 1593 1470 1645 ironiam

934 1680 966 1733 ‹le
981 1699 1007 1734 se
1029 1678 1158 1750 loquitur,
1184 1688 1210 1732 et
1226 1676 1327 1730 illorum
1344 1675 1465 1730 doctis'sl·

934 1785 1041 1823 morum
1055 1775 1081 1819 et
1092 1765 1230 1820 Musarum
1249 1761 1402 1816 commercio
1412 1759 1464 1814 bo·

935 1861 1089 1904 auratorum
1098 1852 1213 1903 vironun
1221 1845 1387 1920 amplitudini
1394 1845 1468 1916 quasi

934 1931 1075 2006 adsurgens
1082 1937 1270 2002 semipogauum
1284 1949 1311 1983 ae
1321 1939 1404 1982 vocat.
1415 1927 1472 1982 Pe·

933 2033 1013 2088 gaius
1026 2025 1064 2068 est
1078 2016 1202 2084 rusticus,
1222 2023 1249 2068 et
1262 2009 1402 2086 obponitur
1415 2013 1470 2064 mi·

934 2096 982 2152 liti.
995 2101 1027 2152 Η.
1039 2097 1056 2152 Ι.
1067 2101 1241 2170 semipagasuu
1253 2099 1275 2152 is
1287 2106 1326 2151 est
1333 2135 1342 2160 ‚
1359 2094 1404 2168 qui
1417 2113 1473 2150 aon

934 2181 1036 2253 proprie
1049 2182 1118 2236 inter
1142 2187 1228 2255 po‘e'tas
1245 2192 1284 2236 eat
1303 2177 1472 2246 referendus,

935 2283 1017 2344 quum
1034 2264 1147 2321 bibendo
1166 2283 1197 2317 ea
1216 2266 1378 2336 Hippocrene
1396 2281 1471 2316 som-

934 2347 1066 2401 niandore
1079 2347 1108 2400 iu
1117 2347 1228 2402 Parnaso
1238 2364 1293 2400 uon
1305 2345 1339 2399 sit
1347 2343 1472 2398 initiatus.

968 2440 993 2488 7.
1010 2431 1057 2487 Ad
1068 2453 1140 2486 saura
1155 2445 1241 2485 vauca
1261 2449 1363 2484 earmera
1378 2429 1472 2500 adsero

934 2529 1052 2575 nosuursr.
1084 2516 1163 2570 Sacra
1173 2516 1339 2587 obponuntur
1352 2513 1470 2585 vulgari·

933 2597 998 2668 bus;
1011 2609 1071 2653 suut
1084 2599 1163 2670 igitur
1177 2616 1216 2662 eu¹
1228 2615 1294 2671 quae
1306 2597 1339 2653 ad
1350 2596 1474 2650 omnium

933 2681 1131 2754 intelligentiam
1144 2701 1196 2741 non
1214 2684 1341 2747 veulunt,
1361 2680 1475 2750 ideoque

936 2783 1030 2822 arcear
1041 2764 1223 2836 cuiuscumque
1237 2763 1298 2818 artis
1312 2774 1338 2817 et
1351 2762 1470 2833 discipli·

934 2867 984 2902 uae
1001 2868 1052 2902 uon
1066 2847 1118 2902 nisi
1140 2859 1224 2908 artem
1243 2845 1387 2901 uolentibus
1405 2857 1477 2899 uota.

934 2931 1043 2986 Possunt
1055 2931 1141 3003 itaque
1153 2951 1224 2986 saera
1238 2930 1324 2986 uocari
1338 2941 1475 3002 praecepte

920 3011 996 3068 ¹artis
1013 3014 1126 3085 poeticae
1146 3026 1172 3068 et
1190 3011 1305 3066 carmina
1325 3013 1389 3082 ipsa.
1407 3015 1477 3066 Beue

935 3097 1028 3152 Noster
1040 3098 1152 3150 ironiam
1164 3108 1252 3152 tuetur
1260 3141 1268 3166 ‚
1285 3107 1310 3150 et
1328 3106 1405 3149 vocat
1418 3116 1476 3150 oer-

935 3179 1006 3232 mina
1019 3179 1128 3234 istorum
1143 3185 1277 3251 politanam
1289 3199 1363 3236 sacra
1375 3193 1474 3243 uauusa,

934 3263 1005 3338 quasi
1020 3263 1181 3318 familiariori
1194 3263 1330 3322 Musarum
1343 3280 1476 3316 commer-

935 3351 977 3401 cio
988 3365 1129 3419 earumque
1138 3347 1241 3404 adllatui
1250 3345 1354 3420 proprio
1362 3346 1476 3402 debean·

936 3443 995 3498 tur,
1018 3451 1095 3486 suurn
1121 3444 1212 3487 oontm
1234 3432 1478 3504 opus'aimpliriter

934 3535 1042 3572 sermea.
1056 3520 1110 3570 Hoc
1122 3535 1221 3570 emman
1238 3515 1339 3570 adferre
1356 3534 1384 3568 se
1395 3521 1474 3568 musi·

934 3621 1075 3674 pagam,
1088 3601 1132 3666 ait,
1149 3603 1184 3654 ad
1199 3621 1271 3654 saera
1283 3613 1387 3664 vetrana,
1411 3603 1430 3653 i.
1451 3619 1476 3654 e.

935 3684 1028 3738 addere
1045 3689 1122 3738 sacris
1133 3697 1232 3744 veturus,
1251 3682 1411 3736 carminibus
1423 3681 1475 3735 illis

935 3768 968 3822 ab
989 3766 1109 3841 Apolline
1133 3778 1159 3820 et
1179 3767 1262 3820 Musis
1283 3766 1395 3820 dictatis.
1427 3767 1473 3819 stc

936 3851 1038 3923 egregie
1052 3855 1226 3921 semipagemu
1245 3851 1357 3917 vastam,
1371 3869 1475 3904 sermm

935 3938 1014 3988 saeris
1027 3933 1174 4003 obponitur.
1198 3933 1295 3986 Sensus
1313 3931 1361 3984 lsae
1373 3933 1475 3986 rasum

937 4115 1025 4150 meum
1040 4097 1091 4149 edo
1102 4106 1143 4160 et,
1155 4116 1204 4166 qua
1219 4106 1331 4166 pareat,
1345 4097 1474 4150 modesta

937 4182 1157 4254 praestantissimis
1187 4187 1320 4251 poe'tarum
1351 4181 1474 4251 operibus

936 4267 990 4319 iam
1008 4263 1137 4336 erarlgatis
1163 4265 1285 4337 adiungo.
1308 4263 1380 4329 Alii,
1405 4263 1474 4318 inter

936 4367 999 4425 quos
1009 4347 1168 4415 Lambinus,
1186 4347 1234 4401 sub
1254 4351 1332 4402 saeris
1344 4345 1390 4400 illa
1412 4365 1470 4400 esr-

936 4431 1007 4486 mina
1021 4433 1154 4506 poetarum
1168 4429 1330 4504 intelligunt,
1346 4447 1413 4502 quae
1429 4427 1472 4486 aa
