3056 5490
524 443 674 502 struis
711 443 768 502 vr.
1112 417 1206 531 463
1286 401 1288 404 ⁵

92 639 253 741 Egregie
272 651 413 740 gestes,
434 637 586 716 induco.
614 643 698 744 quis
718 643 851 715 vetat?
877 639 988 716 aude.

92 757 190 842 Vae,
211 755 282 828 nisi
303 755 506 828 connives!
526 753 650 829 oleum
672 773 938 858 artocreasque
959 753 1115 859 popello
1178 796 1210 846 50

89 870 263 970 Largior.
288 895 337 942 en
356 870 565 974 prohibes?
590 871 652 945 dic
672 870 786 946 olere.
812 873 898 946 Non
921 871 1029 964 adeo,
1046 876 1183 978 inquis.

87 993 286 1060 Exossatus
306 1013 396 1088 ager
414 988 517 1062 iuxta
537 1003 603 1062 est.
631 991 722 1091 Age,
741 993 769 1064 si
791 989 880 1062 mihi
903 987 1010 1062 nulla

88 1101 168 1173 lum
184 1100 332 1205 reliqua
351 1129 396 1177 ex
415 1106 555 1196 amitis,
574 1105 755 1208 patruelis
771 1104 890 1197 nulla,
909 1109 1107 1209 proneptis

87 1214 369 1308 Nullamanet,
387 1221 513 1322 patrui
531 1219 666 1296 sterilis
685 1229 886 1296 matertera
906 1223 1017 1314 vixit,

87 1413 202 1486 ideoque
219 1415 298 1468 etiam
322 1418 407 1468 omnis
434 1417 556 1488 imperii,
584 1420 626 1472 cui
676 1423 769 1493 nisque
793 1431 819 1474 et
844 1421 995 1475 muneribus
1022 1421 1118 1493 populo
1148 1421 1213 1476 datis
1249 1495 1252 1501 Ι

87 1517 161 1550 secra
183 1499 285 1568 publice
311 1499 415 1553 fiebant.
447 1501 496 1553 Per
519 1503 628 1566 genium
676 1501 824 1556 celebravit.

89 1581 165 1640 ducis
181 1584 291 1636 Ronsani
318 1585 452 1648 iurabant,
474 1584 626 1656 Caligulae·
711 1584 942 1655 itauprnlaihes?
961 1603 1049 1639 narnis
1068 1586 1148 1640 instat
1163 1586 1211 1640 lte·

89 1683 145 1736 que
161 1667 281 1737 superbia
298 1677 324 1720 et
339 1669 458 1722 vecordis
475 1680 627 1734 tantaerat,
677 1663 741 1718 redi.
763 1669 806 1719 cito
826 1669 902 1720 clare.
927 1679 1046 1722 constans
1071 1681 1097 1723 et
1123 1669 1214 1723 lirmua

89 1759 123 1802 ut
137 1765 215 1814 eum,
231 1751 277 1820 qui
293 1769 437 1823 numquam
455 1771 501 1822 per
522 1755 628 1825 genium
679 1751 809 1802 testatoris
825 1751 929 1804 animus
946 1751 1070 1805 heredem
1092 1751 1211 1820 percule·

90 1851 170 1885 susim
200 1835 353 1899 deierans,
389 1845 474 1890 morte
498 1836 627 1907 plecteret.
678 1842 733 1900 rat,
748 1833 828 1885 nucis
840 1831 901 1896 ille,
922 1834 984 1903 quid
999 1833 1214 1904 respondeat,et

90 1932 189 1971 aarum
204 1926 278 1986 paria
297 1939 334 1974 ee.
356 1921 535 1992 gladiatorum.
567 1924 629 1976 Pri.
677 1933 793 1968 mussare
803 1918 999 1971 tantumaudet.
1033 1917 1213 1972 Nonadeosc.

90 2002 146 2053 vati
164 2021 267 2074 quoque
283 2005 329 2056 ,ub
352 2006 552 2076 lmpmsoribu,
569 2025 628 2076 ⁸9²·
678 1996 850 2050 hereditatem
862 2008 943 2053 tuam.
960 1999 1143 2070 ansasbplere
1155 2019 1215 2054 sua·

92 2085 191 2138 etacula
212 2087 322 2141 edebant
346 2088 443 2160 populo
464 2099 489 2142 et
515 2109 630 2147 munera.
679 2079 741 2134 deul
756 2082 896 2150 “quemlu-

94 2169 150 2221 Sub
164 2169 270 2223 Tiberio
297 2171 329 2224 iis
357 2181 459 2225 tantum
488 2172 516 2226 id
540 2173 629 2238 linsit,
714 2168 754 2217 5²·
768 2166 1115 2236 Exwwagcriumcfl·
1129 2168 1214 2222 Esus·

51 2249 53 2259 '
95 2252 191 2321 quibus
204 2251 294 2305 saltem
309 2253 560 2327 quadringentorum
572 2255 631 2309 mil·
678 2259 744 2300 ΜΝ*
761 2258 798 2300 ⁸³2
823 2247 849 2300 h·
863 2247 881 2301 l·
898 2247 1052 2318 alapidibus
1072 2261 1212 2321 purgatus;

100 2333 168 2386 lium
183 2353 224 2386 res
235 2347 307 2389 esset.
325 2339 458 2391 Interdum
473 2340 520 2392 hnc
533 2341 573 2392 ius
584 2339 630 2391 ho·
681 2327 862 2399 hpfflfflnlm
878 2332 950 2400 quui
965 2348 1020 2386 ⁰³1⁸
1039 2343 1122 2386 2th
1142 2345 1212 2387 titul·
1305 2359 1309 2366 ·

100 2421 172 2471 „02-5,
197 2437 271 2472 uu„
291 2419 366 2473 ,ιῑωῑ
385 2420 501 2476 amiur,
551 2424 632 2476 0570,
679 2412 759 2465 Ouid.
787 2413 852 2466 Met.
880 2416 907 2480 1,
934 2419 993 2467 390.
1030 2414 1216 2486 intelligendus

100 2509 150 2554 eet.
165 2502 247 2562 ironia
261 2503 432 2558 acerbiaimfl,
680 2494 760 2566 igitur
782 2506 821 2549 est
837 2513 898 2565 ager
922 2495 1060 2567 diligenter
1080 2497 1165 2550 cultus
1189 2509 1216 2552 et

136 2589 179 2636 49.
195 2587 351 2654 quieverat?
365 2603 398 2640 sc.
416 2597 518 2641 tantum
530 2605 574 2639 me
587 2587 628 2639 ln·
679 2579 849 2642 suburbanus,
868 2578 937 2647 quod
950 2581 1075 2648 posterius
1089 2581 1216 2636 indicatur

98 2683 202 2720 sumere
216 2667 243 2719 in
263 2667 463 2722 celebrationem
484 2669 632 2724 huiusmodi
682 2679 734 2731 Pflr·
741 2666 818 2714 1⁴²2!ss-
836 2664 945 2714 Smin-¹
959 2662 1013 2714 Sub
1026 2661 1073 2716 hac
1086 2663 1213 2718 conditio·

97 2748 165 2815 diet,
178 2745 303 2818 quonium
321 2752 386 2805 mihi
400 2752 478 2806 tubes.
493 2754 634 2806 Praeteriit
681 2761 731 2812 ne,
743 2755 772 2798 ut
783 2763 874 2798 omne·
886 2756 941 2798 tun
956 2747 1116 2816 profisdones
1133 2767 1216 2818 aequo

97 2829 147 2883 hac
175 2831 377 2903 interrogatione
407 2833 530 2886 heredem
559 2833 633 2886 vultu
682 2829 870 2894 animosersm,
883 2827 1053 2884 hereditatem
1067 2841 1138 2885 tuam
1146 2832 1217 2887 adire

98 2915 300 2985 significantem,
327 2916 376 2968 ,ihi
400 2915 472 2970 ittam
494 2916 632 2968 libentia.
682 2911 759 2978 nolo,
773 2911 844 2966 adest
866 2913 938 2966 enisu
961 2913 1115 2984 agenprobe
1132 2915 1218 2970 cultus

98 3011 154 3052 tem
171 2999 282 3052 minime
296 3000 404 3069 placere.
434 3002 505 3052 carde.
522 3000 634 3054 ostendit
682 2996 713 3048 ad
729 2996 796 3049 vitae
810 2995 971 3050 necessitates
990 2996 1055 3050 mihi
1073 2998 1216 3052 subiiciens.

99 3083 165 3145 hoc,
180 3101 258 3152 quam
272 3083 393 3136 audacter
403 3079 465 3136 cum
479 3083 575 3137 herede
587 3103 634 3138 suo
684 3079 805 3134 Morinis
818 3080 873 3132 sine
887 3081 992 3144 herede,
1005 3081 1052 3151 qui
1066 3081 1161 3136 iudicio
1173 3093 1217 3136 tuo
1272 3150 1274 3154 .

102 3177 204 3220 acturus
218 3177 293 3220 esset.
683 3164 784 3234 genesis
795 3162 918 3234 dignitate
932 3164 1091 3234 respondeat.

136 3253 177 3300 5⁰.
194 3247 220 3302 V
221 3267 266 3310 ae,
279 3251 328 3300 nist
337 3249 468 3300 eorruiues!
484 3247 567 3300 Minas
581 3249 635 3302 iarn
720 3251 829 3300 52-56.
851 3248 880 3300 Si
900 3265 978 3300 nemo
998 3247 1217 3318 consanguinitate

101 3330 201 3393 adiicit,
218 3350 245 3382 se
257 3335 354 3384 maiore
366 3331 504 3401 largitione
517 3349 635 3400 usurum,
684 3341 710 3384 et
727 3329 858 3384 adfinitate
879 3349 981 3384 mecum
999 3334 1150 3386 coniunctus
1163 3334 1218 3385 iam

101 3415 152 3466 nisi
166 3414 192 3466 id
211 3413 286 3468 heres
311 3435 392 3484 aequo
419 3417 510 3468 enimn
526 3415 636 3469 tulisset.
683 3423 816 3482 superest,
830 3413 961 3485 subiungit
972 3415 1075 3480 Noster,
1087 3417 1131 3484 qui
1144 3415 1219 3468 heres

101 3501 189 3551 chum.
203 3500 284 3568 Saepe
295 3499 382 3553 oleum
400 3500 567 3554 distributum
581 3519 636 3552 uae
685 3513 759 3548 meus
772 3495 829 3549 lieri
842 3499 936 3566 possit,
962 3507 1049 3550 umen
1072 3497 1105 3552 de
1122 3497 1218 3550 herede

102 3578 135 3630 ab
148 3579 345 3646 imperatoribus
358 3579 465 3648 populo,
483 3581 545 3650 quin
557 3581 637 3650 equiti
685 3597 738 3636 non
755 3580 880 3651 estquod
897 3580 1028 3650 laborem,
1055 3582 1143 3635 statim
1167 3582 1215 3634 ali·

102 3672 128 3714 et
142 3663 240 3714 senatui
257 3665 285 3714 in
310 3664 440 3733 gymnasii
458 3681 536 3716 usum
560 3665 638 3733 gratis
690 3681 769 3734 quern
782 3663 925 3728 invenero,
944 3663 989 3735 qui
1006 3664 1107 3718 bunisa
1126 3683 1168 3717 me
1183 3683 1221 3717 re·

103 3744 265 3814 praebitum,
294 3757 388 3798 notum
417 3755 456 3798 est
473 3763 504 3798 ex
531 3747 638 3800 Sueton.
689 3746 755 3800 lictis
761 3746 1018 3819 ,quantulacumque
1029 3749 1096 3814 siut,
1111 3758 1220 3802 conten-

103 3831 177 3884 Caes.
188 3835 229 3882 38.
241 3829 303 3883 Ner.
319 3835 359 3883 tl.
374 3830 457 3882 Tacit.
480 3831 550 3882 Anu.
570 3831 639 3897 xit,
690 3834 776 3884 tussit
791 3832 902 3884 futurus.
921 3833 1018 3884 Notum
1031 3841 1086 3898 cst,
1097 3830 1219 3886 delicien-

104 3919 146 3964 st.
177 3914 274 3965 Eadem
301 3913 454 3966 liberalitate
475 3913 567 3966 licebat
583 3914 638 3983 pri·
689 3916 758 3970 tibus
776 3916 902 3968 heredibus
912 3922 963 3968 suis
978 3927 1004 3969 et
1023 3919 1221 3988 consanguineis

104 3999 173 4053 vatis
189 4001 229 4052 uti
249 3999 298 4052 sub
315 3999 513 4070 imperatoribus
526 3999 554 4052 in
568 3999 637 4070 ipso·
690 3997 861 4052 bereditstem
873 3999 904 4051 ab
918 3999 1038 4053 intestato
1050 4018 1079 4052 ex
1093 4003 1220 4054 Romano·

104 4099 165 4133 rum
196 4081 331 4146 honorem.
382 4095 517 4146 artocreas,
548 4079 639 4136 ferculi
687 4097 747 4133 rum
764 4097 838 4132 more
850 4091 876 4134 et
897 4082 1014 4136 instituto
1027 4083 1173 4152 pervenisse
1187 4082 1220 4136 ad

106 4183 189 4236 genus
201 4185 231 4217 ex
245 4185 312 4236 pune
335 4176 361 4219 et
378 4185 452 4220 corne
471 4167 639 4231 confectum,
689 4165 821 4233 proximos
829 4176 936 4234 agnatos
947 4163 963 4218 ἰ.
978 4183 999 4216 e·
1014 4163 1046 4216 ad
1056 4163 1219 4218 virilissctus

106 4251 216 4301 omuino
244 4267 290 4317 pro
315 4249 410 4319 epulas.
442 4252 483 4304 Sic
505 4253 640 4304 Iamntius
689 4265 810 4319 personas
823 4248 972 4320 cognatione
993 4249 1160 4314 coniunctos,
1178 4260 1221 4317 et,

106 4333 205 4397 Stella,
234 4337 308 4403 polita
327 4337 481 4404 Patruinus,
499 4335 643 4411 Domitiani¹
691 4336 712 4386 si
729 4333 756 4387 bi
771 4332 837 4386 nulli
853 4343 949 4398 essent,
967 4332 1000 4386 ad
1024 4333 1142 4404 gentiles.
1168 4334 1219 4390 sed

109 4417 273 4486 triumphum
291 4415 358 4472 ludis
377 4419 580 4489 exquisitissimis
592 4418 638 4473 do·
692 4417 777 4474 iorsan
790 4415 932 4486 gentilitiae
948 4415 1120 4478 unccione·
1141 4417 1222 4475 Persii
