3098 5498
316 409 410 466 :200
761 407 985 466 ll'l'liNaelldS

312 603 550 693 Evandrum,
571 602 696 677 venies
711 603 934 704 Tirynthius
956 621 1022 678 aut
1042 607 1167 680 nrinor
1187 605 1256 681 illo

311 729 456 830 Hospes
474 739 513 798 et
531 722 610 825 ipse
629 737 753 796 tamen
772 723 995 823 contingens
1015 725 1196 826 sanguine
1216 723 1396 817 coelum;

224 937 226 944 y
312 842 421 921 Alter
441 841 569 944 aquis,
587 835 683 913 alter
702 835 858 913 flammis
879 837 1068 914 adsidere
1087 841 1230 918 missus.

297 1018 298 1022 ¹
362 955 521 1034 Fercula
541 981 645 1031 nunc
665 953 753 1029 audi
773 953 888 1030 nullis
908 973 1041 1028 ornata
1061 954 1236 1033 macellis.

312 1080 367 1151 De
385 1075 589 1150 Tiburtino
611 1073 732 1146 veniet
753 1072 1017 1173 pinguissimus
1039 1099 1130 1174 agro
1410 1111 1447 1159 ⁶5

312 1185 506 1270 Haedulus
526 1205 564 1263 et
582 1205 662 1265 toto
684 1213 798 1290 grege
816 1185 988 1279 mollior,
1009 1192 1147 1266 inscius
1165 1190 1331 1282 herlae,

312 1309 484 1386 Necdum
504 1332 614 1382 ausus
635 1306 755 1407 virgas
768 1303 919 1378 humilis
940 1303 1112 1381 mordere
1135 1306 1276 1397 salicti,
1305 1367 1309 1376 .

312 1429 385 1522 Qui
401 1423 486 1530 plus
506 1421 614 1497 lactis
632 1422 901 1522 habet,·quam
919 1425 1130 1524 sanguinis3
1147 1442 1185 1499 et
1205 1426 1377 1502 montani

311 1543 512 1648 Asparagi,
532 1541 655 1645 posito
676 1565 773 1642 quos
789 1537 882 1642 legit
901 1539 1025 1617 villica
1046 1539 1142 1615 fuso.

314 1658 484 1734 Grandia
500 1672 698 1763 praeterea
715 1671 895 1758 tortoque
914 1654 1075 1730 calentia
1092 1655 1207 1732 foeno
1406 1693 1442 1742 70

311 1777 389 1852 Ova
408 1773 545 1850 adsunt
561 1774 649 1878 ipsis
666 1798 751 1846 cum
772 1771 978 1862 matribus,
998 1789 1035 1846 et
1055 1791 1222 1848 servatae

312 1895 426 1965 Parte
445 1891 558 1981 anni,
579 1885 710 1990 quoles
729 1885 882 1972 fuerant
901 1890 941 1960 in
962 1886 1121 1977 vitibus,
1139 1914 1254 1978 uvoe3

313 2009 509 2112 Signinum
527 2005 756 2108 Syriumque
772 2030 912 2107 pyrum
926 2032 936 2094 ;
957 2002 1005 2077 de
1026 2003 1204 2079 corbibus
1219 2003 1337 2078 isdem

312 2119 635 2197 Aemulal’icenis
653 2135 690 2191 et
707 2117 835 2192 odoris
854 2117 948 2192 mala
964 2121 1148 2210 recentis,

313 2239 391 2313 Nec
411 2234 613 2312 metuenda
634 2234 724 2325 tibi,
744 2239 921 2310 siccatum
940 2234 1083 2339 frigore
1104 2255 1339 2358 postquam
1404 2271 1434 2319 75

313 2355 568 2428 ductumnum
587 2367 625 2424 et
643 2349 751 2424 crudi
771 2377 931 2455 posuere
949 2351 1120 2462 pericula
1137 2353 1262 2428 suti.
1281 2357 1294 2374 ''

313 2471 417 2544 Haec
437 2466 527 2543 olim
548 2467 668 2542 nostri
687 2469 757 2539 iam
777 2465 969 2542 luxuriosa
986 2469 1144 2542 Senatus

303 2587 442 2684 'Coena
462 2585 547 2660 fuit.
576 2585 737 2677 Curius,
756 2607 874 2689 parvo
892 2613 991 2689 quae
1007 2585 1150 2690 legerat
1168 2586 1297 2676 horto,

313 2703 399 2806 Ipse
418 2703 512 2778 locis
530 2701 706 2780 brevibus
724 2703 890 2808 ponebat
908 2701 1077 2780 oluscula
1089 2731 1213 2808 ‚quae
1231 2726 1335 2777 nunc

309 2817 548 2936 Squalidus
538 2843 578 2892 ιιι
596 2845 730 2919 magna
750 2817 892 2892 fastidit
909 2823 1090 2927 compede
1107 2820 1250 2910 fossor,
1409 2851 1442 2902 ιο

309 2927 388 3030 Qui
406 2937 595 3021 meminit
613 2933 755 3008 calidae
778 2937 896 3038 sapiat
915 2937 1009 3038 quid
1029 2936 1138 3015 vulva
1156 2938 1333 3042 popinae.

311 3053 411 3127 Sicci
431 3068 536 3155 terga
556 3053 653 3142 suis,
674 3078 759 3124 rara
778 3051 982 3153 pendentia
1002 3073 1127 3143 crate,

312 3169 430 3244 Moris
448 3185 529 3242 erat
547 3165 741 3272 quondam
759 3165 864 3245 festis
887 3197 1036 3248 servare
1057 3171 1211 3263 diebus,

348 3350 390 3398 62.
412 3347 536 3417 contingit
561 3349 601 3400 40.
623 3349 721 3400 44.44.
743 3352 783 3400 46.
803 3351 848 3402 tt.
898 3367 977 3420 grege
997 3349 1099 3404 neollior
1118 3350 1175 3419 conj
1203 3348 1292 3403 Heius.
1306 3347 1339 3401 ed
1356 3345 1444 3402 Ovid·
1537 3347 1538 3352 ’

314 3433 444 3500 walager
458 3435 497 3482 46.
898 3437 968 3489 Faet.
990 3437 1035 3499 tv,
1054 3440 1112 3491 756.
1132 3435 1192 3505 quia
1207 3454 1251 3506 per
1272 3434 1444 3506 frequentem

328 3523 333 3532 “
348 3519 390 3566 64.
403 3514 452 3566 Pro
465 3525 554 3567 amata
566 3513 695 3568 Schrader
708 3513 775 3580 conj.
784 3533 846 3586 por·
899 3515 1056 3573 lavationem
1070 3517 1128 3572 lana
1142 3519 1267 3572 reddatur
1277 3517 1375 3572 mollis.
1389 3515 1443 3570 Sed

314 3596 585 3663 metanensem,
598 3595 777 3650 h.estudioee
791 3615 851 3650 con·
899 3599 1023 3654 mollities
1049 3619 1079 3655 ee
1102 3605 1224 3654 teneritas
1246 3601 1357 3666 earnis,
1384 3619 1442 3655 ιιοιι

314 3681 423 3752 quisita,
447 3681 540 3734 Manto
562 3679 622 3734 coll.
643 3680 715 3750 Virg.
730 3681 796 3734 Aen.
820 3685 847 3744 Ι,
898 3681 985 3749 lenae,
999 3683 1024 3736 lt.
1038 3683 1055 3739 l.
1066 3684 1225 3756 designetur.

316 3770 374 3819 495.
388 3776 413 3818 et
428 3767 503 3826 Vnt,
524 3771 580 3820 ⁴80.
597 3778 714 3830 emata,
728 3765 746 3820 i.
764 3784 789 3818 e.
802 3765 847 3818 dr·
931 3771 974 3819 67.
991 3766 1196 3838 hremilirvirges
1209 3786 1281 3820 meme
1293 3771 1333 3819 t5.

314 3840 379 3920 pes,¹
399 3869 452 3903 non
473 3857 580 3920 operose
599 3849 755 3918 conquisitae
777 3860 803 3903 et
821 3849 848 3902 in
932 3852 973 3902 68.
986 3861 1014 3900 at
1028 3861 1108 3918 proet
1124 3853 1162 3902 46.

315 3931 429 3986 umcellie
446 3933 626 3997 meruerimus,
637 3932 682 3985 sed
694 3931 805 3986 inemtas
823 3941 849 3986 et
933 3935 975 3983 69.
989 3932 1057 4001 leget
1074 3939 1113 3984 44.

314 4014 386 4068 domi
403 4027 484 4070 natas.
934 4019 976 4067 74.
993 4028 1090 4092 emate
1104 4021 1146 4070 73.

348 4103 388 4152 66.
403 4101 547 4165 Haeduico,
571 4119 623 4154 ιιοιι
654 4100 788 4164 haedulus,
805 4104 848 4156 27.
932 4104 975 4151 75.
988 4096 1051 4151 Νοιι
1070 4104 1161 4153 4447.
1177 4097 1264 4155 24.’-
1276 4100 1439 4171 pulverem

313 4194 346 4238 ut
356 4185 384 4237 in
397 4185 591 4258 optimiecodd
599 4185 719 4256 Virgilii,
740 4185 847 4251 Ovidii,
896 4183 999 4252 frigore
1013 4186 1055 4236 20

313 4269 390 4337 Prop
401 4279 426 4321 et
439 4267 472 4322 al
485 4271 527 4323 Cf.
540 4272 614 4322 Varr.
632 4271 661 4321 L.
682 4272 709 4322 L.
730 4269 782 4334 lv,
808 4275 847 4322 49.
933 4273 976 4320 76.
983 4270 1035 4320 suci
1053 4285 1100 4338 pro
1122 4273 1187 4322 uoci
1203 4269 1325 4324 substitui
1343 4287 1374 4322 ex
1393 4276 1435 4324 47.

313 4361 445 4404 -eraut
458 4351 633 4420 potmsetoto
646 4371 725 4424 grege
745 4352 847 4406 mollior
900 4355 940 4404 46.
956 4356 998 4408 23.
1015 4357 1057 4407 24.
1070 4357 1110 4410 45.
1126 4373 1158 4409 ι.
1165 4369 1220 4425 sup.
1235 4353 1315 4423 etv,
1323 4358 1364 4408 24.
1372 4356 1435 4448 sirei

314 4430 606 4492 meliusvidcbututll.
625 4435 735 4492 leleeio.
754 4444 779 4490 et
795 4437 847 4491 loto
899 4436 939 4489 22.
