3098 5498
534 444 686 512 samita
720 444 781 507 Xli

1018 431 1035 576 J
1136 449 1220 540 147

92 640 145 712 Ε4
164 638 453 744 quadringentis
473 641 596 716 numis
615 640 773 717 condire
794 640 964 744 gulosum

90 755 252 831 Fictile:
272 758 325 830 sic
344 759 501 834 veniunt
520 755 569 830 ad
590 756 937 834 miscellanealudl.
1065 815 1072 836 .
1138 781 1225 846 '20

137 873 272 946 Refert
291 899 404 1007 ergo,
424 874 509 978 quis
528 871 620 946 haec
638 872 767 948 eadem
786 892 912 978 paret:
931 876 972 949 in
990 873 1119 956 Rutilo
1137 903 1225 954 uam

90 990 262 1064 Luxuria
280 1007 358 1083 est,
375 991 416 1064 in
434 986 616 1062 Ventidio
635 987 827 1064 laudabile
846 1015 986 1066 nomen

92 1105 216 1180 Sumit
236 1123 274 1181 et
291 1136 312 1181 a
332 1133 449 1182 censu
467 1103 602 1180 famam
622 1107 752 1184 trahit.
779 1105 892 1182 Illum
902 1134 983 1211 ego
1002 1110 1086 1184 iure

91 1223 326 1328 Despiciam,
346 1229 412 1328 qui
434 1227 526 1314 scit,
544 1241 690 1326 quanto
711 1223 909 1306 sublimior
929 1224 1032 1304 Atlas

96 1339 306 1417 Omnibus
295 1369 336 1416 1n
358 1343 476 1445 Libya
497 1343 544 1416 sit
561 1339 773 1432 montibus3
794 1340 855 1417 hic
874 1353 1001 1417 tamen
1018 1341 1131 1422 idern
1188 1379 1222 1430 25

97 1458 274 1558 Ignorat,
295 1476 479 1558 quantum
495 1456 637 1534 ferrata
656 1455 769 1533 distet
789 1455 836 1530 ab
854 1484 943 1534 arca

97 1568 289 1646 sacculus.
316 1574 348 1646 E
369 1571 477 1648 coelo
494 1571 705 1668 descendit,
725 1573 827 1646 Γνῶθι
848 1569 980 1646 σεαυτὸν
987 1629 999 1666 ,

95 1686 125 1758 F
126 1685 307 1788 igendum
327 1705 366 1770 et
383 1691 539 1764 memori
561 1687 803 1778 tractandum
820 1703 1000 1795 pectore,
1018 1691 1095 1768 sive

95 1803 321 1905 Coniugium
340 1831 522 1907 quaeram,
542 1801 601 1881 vel
621 1805 717 1880 sacri
735 1806 776 1878 in
793 1823 901 1909 parte
919 1804 1079 1882 Senatus

94 1917 188 1992 Esse
209 1918 320 1996 velis.
341 1947 413 1996 nec
432 1947 533 1996 emm
550 1918 708 1996 leucam
726 1922 873 2026 poscit
867 1911 1024 2000 Achillis
1189 1960 1222 2014 at

96 2033 341 2129 Thersitess
330 2065 371 2112 474
392 2066 467 2142 qua
488 2064 527 2112 se
548 2036 817 2112 transducebat
832 2035 975 2116 Vlixes
1111 2131 1113 2136 ι

96 2151 311 2260 Ancipitem
331 2181 397 2230 seu
416 2169 458 2229 tu
476 2179 613 2256 magno
631 2153 846 2230 discrimine
865 2158 1015 2232 causam

97 2273 306 2374 Protegere
325 2274 496 2364 affectas,
516 2287 560 2346 te
573 2269 750 2362 consulc3
769 2270 831 2346 dic
850 2270 940 2364 tibi,
958 2271 1025 2379 q'ui
1044 2277 1114 2368 sis,

95 2475 168 2541 picta
180 2483 215 2523 444
222 2509 232 2535 ,
250 2483 294 2524 eut
306 2475 333 2524 447
349 2484 462 2542 argento.
477 2499 508 2512 -
522 2473 637 2542 lanugine

96 2573 162 2607 cara
177 2555 287 2610 malebat
301 2555 436 2610 Schrader.

131 2642 175 2692 244.
187 2643 315 2694 eiveniunt
331 2642 400 2710 conj.
418 2637 553 2693 Schrader.

133 2729 175 2776 22.
190 2723 316 2778 Vendt'tt'o
324 2731 364 2780 48.
373 2723 564 2788 5904464444,
574 2725 631 2777 499.

133 2815 275 2862 2274474477
293 2829 338 2880 pro
351 2811 457 2883 santam
483 2813 524 2863 45.
547 2812 588 2861 24.
602 2833 638 2852 -

95 2905 225 2964 rectepro
243 2899 294 2946 inre
310 2899 350 2948 45.

132 2983 177 3030 24.
197 2992 315 3048 quantum
335 2985 376 3030 44.
398 2981 440 3032 25.
466 2979 508 3031 27.
530 2981 574 3030 46.
595 2981 636 3030 47

97 3065 195 3113 49.’50.
209 3059 540 3130 44-44.24ο1>.544ιιιι·444.
557 3076 637 3130 quum

96 3165 163 3199 mox
180 3144 250 3198 idem
266 3165 322 3199 voc.
333 3153 464 3218 sequatur.

133 3235 176 3283 26.
185 3229 295 3298 Ignorat
305 3235 344 3282 45.
357 3236 396 3282 46.
405 3227 435 3282 Si
443 3226 566 3281 excidisse
579 3236 638 3280 ante

96 3315 205 3386 Ignorat
213 3313 636 3385 seulgnorrt,suepicaturManto.

97 3429 136 3442 -
155 3401 235 3451 74444474
254 3405 334 3452 teta
361 3406 400 3453 46.
412 3403 455 3452 24.

111 3488 176 3544 ’27,.
197 3485 299 3535 Graeca
320 3481 412 3536 absunt
430 3481 461 3536 ab
483 3485 525 3536 25.
538 3483 578 3534 27.
594 3483 637 3534 45.

96 3567 252 3622 4744744744.

132 3656 177 3706 28.
197 3650 340 3721 Fr'geudnm
362 3663 399 3702 444
410 3655 459 3704 Ι46.
477 3649 638 3720 4474344ιώ477

99 3740 141 3787 te.
161 3738 202 3785 49.
216 3736 309 3785 2625.
324 3739 364 3786 55.
375 3737 416 3786 57.
432 3730 521 3786 54404.
540 3729 638 3800 47744444

100 3837 128 3872 v.
149 3821 174 3872 4.
188 3816 341 3874 44Μ444
353 3821 392 3870 47.
404 3822 445 3870 54.
460 3819 502 3870 58.

119 3905 181 3956 aa.
197 3921 271 3956 ...47.
289 3905 332 3953 44.
353 3903 395 3952 44.
413 3903 454 3952 ra.
468 3902 636 3968 4444-47.

99 3995 143 4044 59.
162 3993 206 4043 644.
295 4039 296 4043 ,

135 4079 179 4127 30.
193 4090 243 4124 nou
257 4071 322 4123 em'm
338 4073 380 4123 25.
398 4075 440 4123 56.
450 4073 492 4122 57.
505 4072 547 4122 59.
562 4085 638 4137 neque

98 4161 169 4212 enim
189 4161 229 4210 27.
244 4153 331 4208 Verba
347 4171 391 4204 nec
403 4157 469 4204 euim
486 4151 638 4203 4474444774-

99 4243 249 4310 Ancipitem
275 4237 420 4307 parenthesi
443 4233 547 4288 inclusit
573 4233 638 4287 Aen.

100 4325 204 4392 Eadem
221 4321 302 4376 deleri
320 4321 390 4374 iubet
403 4319 479 4372 Heln.
492 4319 588 4372 Neutra
601 4337 640 4371 ra·

101 4414 173 4463 tione
194 4407 335 4478 quidquam
354 4407 499 4475 preficitur,
511 4415 536 4456 et
551 4401 638 4474 legen·

102 4495 168 4550 dum
185 4492 288 4548 ridetur
300 4485 394 4560 patrat.
409 4492 543 4548 4444474444.

721 2476 763 2524 47.
783 2471 927 2526 ramata
945 2467 1225 2540 ran-ants-so.

689 2560 797 2610 55-63.
814 2563 924 2614 65-69,
936 2561 1045 2616 lle-74.
1060 2573 1089 2616 444
1101 2561 1133 2616 el.
1146 2568 1223 2618 trat't'·

687 2658 758 2703 cere,
780 2639 906 2692 movebere
915 2681 925 2705 ,
941 2646 1094 2708 tramittere,
1105 2647 1224 2714 tradere,

688 2722 720 2776 de
734 2742 786 2795 quo
799 2725 893 2778 Donat.
903 2725 934 2778 td
944 2729 1044 2782 Terent
1064 2727 1169 2784 Phorm.
1181 2749 1222 2803 pr.

688 2807 856 2860 “Trorndere
867 2819 965 2862 veteres
975 2812 1108 2866 sonantius
1119 2817 1159 2881 (et
1176 2834 1223 2866 ac·

688 2895 826 2960 curatius),
843 2892 933 2964 quod
934 2911 981 2948 noe
1006 2894 1089 2949 leniur
1113 2896 1225 2950 dicimus

687 2961 794 3013 trudere.
789 2998 819 3036 ,η
838 2989 872 3002 -
888 2955 978 3016 Vlixes
998 2965 1083 3033 recepi
1103 2983 1135 3018 ex
1158 2973 1226 3020 47-

688 3048 730 3098 20
739 3049 771 3098 23
791 3050 834 3098 44.
843 3051 885 3100 sa
903 3039 1050 3120 7424474.
1060 3054 1103 3105 47.
1112 3056 1224 3106 44-44.

634 3161 636 3166 ,
689 3125 722 3182 V
718 3130 785 3182 444444
795 3133 836 3182 25.
845 3126 929 3201 Vulgo
944 3128 1058 3203 Vtyses.
1071 3131 1182 3210 Cfisup.
1191 3131 1227 3190 ad

688 3213 742 3276 ΙΧ,
757 3217 799 3266 65.

693 3350 696 3358 ,
722 3299 762 3346 32.
785 3312 829 3346 4474
845 3299 886 3347 46.
907 3299 949 3348 47.
968 3299 1010 3350 49.
1024 3297 1064 3350 58.
1080 3300 1121 3350 66.
1137 3302 1181 3351 67.
1192 3325 1224 3339 ·-

687 3376 775 3448 Vulgo
787 3388 844 3447 poet
857 3379 999 3450 Anctpitem
1012 3379 1088 3433 colon
1103 3375 1144 3434 vel
1158 3399 1227 3462 puna

687 3471 760 3514 ctum
775 3472 888 3530 ponunt,
906 3471 935 3516 444
951 3463 1101 3516 censuerit:
1117 3465 1223 3534 inqua,

688 3545 722 3598 in'
733 3545 807 3600 cuiue
826 3545 965 3618 petitione,
988 3546 1017 3601 V
1018 3548 1082 3600 44444
1101 3567 1127 3600 44
1139 3547 1225 3598 voda·

687 3629 775 3692 rebat,
786 3628 958 3700 repraebetur
970 3634 1102 3700 ancipitem
1113 3667 1122 3692 ‚
1135 3627 1225 3682 incer-

688 3725 745 3768 tum
752 3753 762 3778 ‚
786 3723 964 3780 metuentem,
983 3732 1016 3766 ne
1030 3731 1083 3768 non
1094 3711 1225 3766 obtineret

688 3799 737 3868 (ita
750 3797 846 3868 Aah.»
862 3798 904 3852 rel
920 3803 946 3850 477
957 3819 1022 3870 qna,
1038 3817 1088 3869 qua
1100 3795 1207 3850 indutus
1218 3834 1228 3862 ,

687 3883 749 3938 lecit
764 3883 872 3938 dubium
887 3883 1130 3949 intuentibm,num
1139 3879 1225 3934 Achil·

688 3965 725 4022 444
746 3978 811 4020 esset
830 3967 902 4040 isque
913 3966 1060 4036 reviximet3
1072 3964 1183 4034 denique
1195 3983 1224 4017 se

688 4053 805 4124 praebuit
830 4049 946 4106 mode'ete
969 4051 1165 4122 ambigentem,
1189 4068 1224 4104 an

689 4157 761 4192 447444
772 4135 880 4205 Achillia
894 4137 971 4190 etiarn
984 4143 1082 4205 peteret
1096 4131 1225 4204 iisquedi·

689 4242 756 4296 gnus
772 4241 801 4276 ac
814 4241 860 4292 par
871 4229 942 4274 44444
959 4219 1010 4273 Sed
1024 4221 1082 4292 quie
1099 4237 1130 4272 eo
1147 4236 1224 4294 4474444

690 4311 795 4364 diriter
817 4309 971 4362 tradam?
992 4315 1041 4378 4444,
1062 4308 1090 4357 in
1111 4322 1160 4374 qua
1176 4321 1223 4383 pro

690 4397 717 4450 474
731 4396 804 4450 euiut
817 4392 961 4466 petitione?

723 4487 765 4536 33.
781 4494 838 4542 444444
854 4477 951 4534 rotrude
974 4482 1016 4532 24.
1033 4505 1068 4519 -
1081 4478 1122 4546 qni
1134 4475 1221 4526 44444·
