3120 5494
303 351 397 444 306
735 385 949 446 excvasvs

299 625 332 638 -
352 598 382 644 er
400 597 482 646 caret
497 585 552 658 lali.
580 581 629 661 73.
660 581 783 644 Rectius
810 597 900 664 atque
919 595 1002 646 cavet
1019 587 1144 645 'ro-12.
1171 583 1291 661 rd-ad.
1311 606 1360 668 ²7·
1383 586 1426 662 45

299 682 385 756 ..(48.
405 680 455 742 5ο.
477 679 526 742 58.
540 679 589 752 64.
612 681 660 760 74.
681 687 712 739 et
730 677 871 740 XXXlV
891 678 980 741 codd.
1010 680 1102 740 Paris.
1125 681 1189 744 “ld
1208 703 1330 746 sensnm
1350 685 1428 744 sati-

298 775 401 838 ricum
423 775 523 836 minus
543 772 651 846 offert,
670 772 724 834 sed
743 773 970 834 honestiorem:
989 787 1071 834 cover
1094 775 1159 836 scil.
1178 797 1218 840 ne
1239 779 1272 840 in
1292 797 1429 860 compu-

300 871 415 932 tatione
434 868 604 953 decipiatur
623 877 654 930 et
674 888 714 930 ne
734 867 802 950 plus
821 889 950 950 aequum
972 869 1004 930 io
1028 889 1115 931 snum
1142 869 1291 934 draucum
1311 873 1429 934 conle-

246 971 253 984 '
299 975 399 1040 rat,u
433 965 509 1026 Brit.
531 973 562 1026 et
580 963 658 1026 Acb.
680 964 789 1034 Caret,
820 984 860 1026 ne
882 963 950 1045 plus
972 963 1100 1046 accipiat
1123 966 1280 1044 servulos,
1302 968 1428 1039 PRAT,

298 1060 446 1122 Eamdem
467 1057 630 1122 lectionem
661 1057 801 1120 defendit
833 1057 1070 1122 Suburalleiach.
1097 1060 1143 1122 bis
1163 1061 1280 1124 verbis:
1306 1062 1429 1122 «Poeta

296 1149 487 1225 Naevolum,
507 1149 592 1234 quod
611 1151 690 1212 nibil
710 1173 726 1210 a
756 1149 901 1215 divitibus
920 1151 1073 1214 donorum
1094 1153 1261 1236 acciperet,
1283 1155 1429 1216 consola-

297 1261 345 1313 tus
363 1259 410 1314 est
430 1272 447 1310 a
466 1270 495 1312 v.
516 1250 566 1309 32.
586 1247 753 1310 reiiciendo
786 1247 909 1330 culpam
930 1247 962 1308 in
985 1257 1082 1322 astra,
1103 1249 1245 1314 homiues
1263 1253 1356 1313 etiam
1377 1253 1429 1312 ci-

297 1345 413 1409 naedos
433 1345 579 1428 regentia.
612 1343 715 1404 Finito
733 1363 883 1406 sarcasmo
902 1365 931 1406 r.
952 1342 1002 1408 38.
1023 1363 1107 1428 seqq.
1137 1346 1232 1408 infert
1257 1347 1428 1428 Naerolna,

295 1443 349 1504 illa
372 1441 521 1525 patienter
542 1439 666 1522 quidem
687 1461 718 1502 se
739 1440 844 1515 ferre,
862 1438 914 1501 sed
937 1437 995 1501 hoc
1024 1439 1217 1503 intolerabile
1235 1461 1315 1516 esse,
1336 1441 1426 1522 qnod

295 1537 421 1624 quidem
443 1535 559 1618 pathici
578 1533 639 1596 sint
658 1535 759 1609 arari,
782 1533 836 1618 qui
856 1534 946 1598 etiam
958 1577 967 1611 ,
981 1556 1059 1618 qnae
1071 1534 1229 1612 dederint,
1246 1535 1423 1598 obiiciendo

256 1622 259 1629 ¹
295 1631 487 1715 exprobrent
508 1637 538 1690 et
551 1627 655 1690 omnia
676 1637 817 1690 accurate
838 1637 1029 1712 computent,
1051 1639 1232 1712 pactamque
1249 1630 1423 1690 mercedem

295 1726 369 1789 inde
390 1725 562 1787 decertent.
585 1723 663 1804 Quis
684 1723 756 1785 inde
776 1743 840 1784 non
861 1723 1027 1801 videretvr
1045 1739 1123 1785 cavet
1139 1723 1169 1786 b.
1188 1725 1212 1786 1.
1228 1739 1320 1792 amoos
1341 1745 1418 1800 esse,

294 1821 349 1884 ubi
380 1841 444 1882 non
473 1819 531 1880 nisi
563 1817 602 1879 de
635 1817 802 1880 rationibus
833 1817 955 1901 agitur?
999 1818 1062 1881 Sed
1092 1819 1144 1882 ille
1177 1843 1245 1882 moa
1272 1832 1317 1882 est
1337 1841 1421 1904 qno·

225 1991 228 2000 ί
295 1913 440 1975 rumdam
460 1911 662 1986 Critlcorum,
683 1921 718 1972 nt
739 1934 802 1974 non
823 1912 881 1974 nisi
902 1911 1044 1974 vocabulo
1060 1934 1146 1976 casca
1160 1924 1211 1976 aot
1225 1914 1316 1976 etiam
1329 1935 1423 1996 prae·-

296 2017 407 2070 textota
430 2009 459 2066 in
481 2005 578 2067 bonos
597 2015 734 2068 auctores
756 2005 926 2080 inculcent,
939 2005 978 2066 ad
998 2009 1102 2068 nescio
1116 2028 1193 2090 quos
1211 2008 1334 2070 codices
1347 2029 1425 2090 pro-

295 2112 468 2165 vocantes.»
505 2101 668 2164 Enimvero
687 2117 766 2164 rever
786 2100 818 2162 in
837 2101 990 2184 plerisque
1005 2101 1115 2184 legitur
1130 2103 1234 2180 libris,
1248 2124 1306 2165 nec
1322 2103 1424 2181 rideo,

296 2217 353 2259 our
372 2197 506 2259 alienum
526 2197 565 2258 sit
586 2195 624 2258 ab
657 2195 688 2259 b.
711 2197 731 2257 l.
756 2197 806 2258 ubi
827 2203 915 2280 poeta
934 2197 1082 2274 ostendit,
1102 2197 1266 2261 ridiculum
1285 2220 1350 2260 esse
1365 2198 1423 2258 bo·

295 2293 433 2366 minem,
453 2291 506 2375 qui
527 2291 601 2353 dum
622 2291 781 2354 libidinem
801 2292 924 2374 explere
950 2292 1076 2378 cupiat,
1095 2302 1157 2356 tan
1186 2315 1292 2359 avarus
1311 2294 1368 2374 sit,
1391 2304 1422 2355 et

296 2387 457 2450 libidinem
479 2387 542 2449 eius
562 2387 710 2450 maiorem
731 2409 795 2450 esse
814 2389 947 2451 avaritia.

751 2587 967 2650 Excvltsvs

669 2737 812 2798 An‘Sur.
834 2735 897 2811 tx,
921 2738 1046 2800 sso-62.

340 2873 454 2932 Melius
473 2894 512 2932 ne
533 2870 582 2952 59.
602 2871 689 2932 boa
715 2870 827 2952 quibus
854 2871 945 2932 etiam
973 2871 1021 2930 bio
1041 2870 1145 2946 abest,
1176 2877 1212 2931 ut
1230 2869 1269 2931 ab
1298 2869 1347 2933 ab.
1370 2867 1420 2948 57.

295 2971 406 3032 melior
427 2987 475 3047 27.
496 2972 546 3047 47.
566 2968 676 3029 melior
695 2988 749 3028 nec
772 2967 821 3027 bic
842 2967 891 3042 48.
914 2967 964 3030 58.
984 2966 1091 3026 melius
1110 2989 1168 3028 nae
1187 2967 1346 3054 -legatur
1353 2967 1422 3048 fiet

295 3069 388 3127 antici
408 3069 457 3141 24.
479 3063 573 3145 idque
594 3063 725 3125 malebat
745 3063 880 3143 Britann.
894 3061 953 3124 hoc
966 3083 1074 3123 sensu:
1095 3083 1169 3136 nee,
1186 3064 1346 3145 profecto,
1359 3065 1422 3139 bio,

295 3161 430 3235 Romae,
449 3159 577 3234 melius,
596 3177 667 3220 com
689 3157 798 3220 maiori
812 3155 1038 3232 emolumento,
1063 3157 1196 3238 legatos,
1210 3157 1422 3219 internuncius

247 3301 250 3310 f
296 3265 328 3317 et
348 3254 442 3319 veluti
463 3254 534 3316 leno
551 3253 607 3328 fiet
633 3255 726 3314 amici
742 3253 894 3334 pulsantis
913 3253 1071 3332 cymbala,
1091 3251 1255 3316 sacerdotis
1274 3253 1420 3338 Cybelei:

295 3351 393 3411 maius
413 3350 535 3410 lucrum
556 3348 598 3408 ita
630 3347 718 3410 faciet
739 3348 883 3430 puerulus
901 3349 1046 3424 rusticor,
1067 3349 1119 3430 qui
1141 3350 1353 3431 pauperrimus
1375 3359 1423 3410 cst

295 3454 328 3507 et
348 3445 431 3506 aliud
453 3443 529 3504 nibil
558 3442 671 3518 babet,
698 3463 790 3524 quam
820 3451 950 3504 matrem
977 3452 1010 3505 et
1041 3441 1170 3504 casulam
1201 3452 1236 3504 et
1265 3442 1420 3505 catellum.

296 3543 489 3623 Grangaeus:
514 3549 599 3600 certe
621 3538 754 3599 melioris
775 3537 960 3599 conditionis
981 3546 1027 3601 est
1047 3559 1149 3600 comcs
1168 3537 1309 3621 idemque
1322 3537 1420 3598 drau-

297 3659 351 3700 cas
373 3635 454 3698 Galli
473 3635 615 3713 cymbala
631 3635 803 3716 pulsantis,
818 3654 910 3717 quem
924 3653 980 3716 per
999 3632 1174 3716 provincias
1193 3652 1299 3694 errans
1311 3635 1421 3716 stipem

294 3727 490 3791 mendicandi
512 3729 609 3810 gratia
630 3727 717 3789 ducit
744 3749 804 3788 nna
824 3748 894 3788 com
923 3735 1020 3788 matre
1040 3735 1119 3801 cet,
1146 3747 1238 3808 quam
1265 3745 1343 3808 ego,
1365 3727 1419 3808 qni

294 3833 398 3886 tecum
418 3821 509 3884 soleo.
529 3823 600 3884 Non
622 3823 716 3905 magis
731 3821 885 3904 probanda
905 3820 1075 3885 llcbaintril
1096 3820 1280 3903 explicatio:
1302 3823 1356 3882 Ao
1368 3821 1421 3882 lrr'c

294 3920 424 3990 rusticus
443 3917 567 4000 iry‘anr,
587 3937 699 3992 verna,
719 3917 848 3998 legatur,
879 3937 919 3978 ex
940 3924 1119 3978 testamento
1144 3915 1255 3990 datus,
1276 3913 1420 3992 relictus,

295 4013 476 4092 meliusfiet
495 4031 538 4074 sc.
559 4011 662 4096 portio
682 4011 863 4075 hereditaria
876 4010 924 4076 rel
940 4013 1108 4096 proprietas
1129 4009 1330 4085 (alterutrum
1350 4009 1422 4072 aab·

294 4107 439 4184 auditur)
471 4109 565 4169 amici
597 4111 642 4169 tui
672 4109 816 4186 cymbda
846 4109 1028 4192 pulsarer,
1045 4128 1137 4192 quarn
1159 4106 1240 4184 mei,
1264 4105 1317 4190 qui
1337 4103 1421 4168 cen?

294 4203 415 4268 Omitto
435 4201 507 4265 alias
527 4203 658 4265 aliorum
679 4225 782 4286 nugas.
1060 4199 1066 4208 ’

335 4300 387 4360 Vs.
408 4299 455 4360 61.
477 4301 591 4361 carralia
611 4301 640 4364 8.
661 4319 689 4380 9.
711 4301 761 4380 75.
775 4303 824 4382 76.
844 4300 871 4361 b.
889 4299 1018 4364 eservis
1037 4299 1173 4375 rusticis,
1186 4298 1296 4372 vernis3
1311 4316 1418 4380 propr·

295 4395 389 4460 servia
409 4395 599 4458 militaribus.
621 4419 647 4462 v.
669 4395 767 4460 Plaut.
789 4397 878 4460 Tria.
903 4397 959 4474 111,
981 4417 1021 4476 a,
1041 4397 1091 4477 95.
1112 4406 1142 4460 et
1162 4393 1270 4462 Pseud.
1290 4397 1420 4476 argum.
