3120 5494
302 413 404 508 322·
612 453 617 462 ¹
669 443 726 504 na
761 445 895 505 rursu
931 444 1055 530 vrrs,

298 647 413 714 οἰιιιιιιιι
432 645 536 708 aetatis
555 665 669 706 annum
701 642 873 706 volaterris
892 646 1012 706 mansit.
1046 644 1130 706 Tam
1152 643 1285 706 Romam
1304 643 1425 711 deletu

298 743 336 804 ad
375 743 556 804 Rhenanium
596 739 812 804 Palaemonem
854 739 1086 824 grammaticam
1115 749 1160 824 (7)
1192 751 1224 802 et
1246 743 1423 828 Vir-giniaco

297 840 443 900 Flaccum
472 837 636 900 rhetorem.
656 837 701 913 (8)
735 837 842 898 Annos
868 835 1021 897 sexdecim
1049 845 1137 898 natus
1171 836 1203 898 in
1230 836 1425 921 disciplinam

298 933 381 999 venit
399 935 522 996 Annaei
542 935 690 1008 Coerani,
711 930 881 1014 philosophi
901 932 1008 1007 stoici,
1029 940 1076 1011 (9)
1100 951 1199 1014 eoque
1218 941 1305 1014 patre
1325 934 1424 1016 magia

297 1031 467 1105 otentico,
487 1051 577 1112 quam
598 1028 741 1110 magistro
760 1049 831 1090 neas
851 1036 904 1088 eet.
925 1027 1047 1088 Amicos
1068 1026 1173 1088 hebuit
1191 1049 1211 1087 a
1223 1027 1323 1110 prime
1342 1027 1425 1090 ado-

298 1121 442 1185 lescentia
473 1124 612 1184 Caesiam
632 1124 762 1183 Bassam
782 1129 849 1196 (ιο)
879 1130 910 1182 et
929 1123 1092 1182 Annaeum
1113 1123 1296 1200 Βυοαιιωιι,
1329 1141 1424 1203 quem

298 1237 354 1299 per
373 1215 546 1278 Cornutum
576 1225 778 1299 cognoverat,
812 1223 932 1298 poetas,
963 1235 1095 1298 quorum
1125 1213 1178 1276 ille
1198 1215 1349 1298 lyricum,
1371 1215 1425 1278 hia

297 1310 420 1394 epicum
441 1321 565 1398 poeseos
584 1333 679 1395 genus
699 1321 818 1375 secutus
837 1321 889 1374 est.
913 1313 987 1373 Erat
999 1311 1141 1388 Persius,
1161 1317 1195 1372 ut
1214 1310 1344 1372 auctoris
1357 1309 1425 1374 eiua

297 1409 380 1470 vitae
393 1411 493 1472 verbis
515 1419 604 1484 uter.
623 1431 742 1470 mortem
761 1409 1005 1482 lenissimae-nm,
1027 1409 1187 1493 virginalia
1194 1409 1267 1491 sene
1279 1426 1423 1467 mecum·

297 1502 389 1581 dine,
402 1508 529 1588 formae
544 1507 695 1590 pulcrae,
714 1527 907 1590 enmmneqne
928 1507 1049 1588 pietatis
1069 1510 1104 1566 in
1117 1518 1260 1578 matam,
1280 1522 1420 1566 sororem

297 1616 326 1664 st
344 1606 483 1665 amitam.
503 1601 734 1664 Adcuratiorem
766 1611 891 1664 naturae
921 1604 985 1664 aius
1010 1611 1103 1684 atque
1128 1599 1235 1662 indolis
1253 1599 1416 1678 imagineas

298 1698 330 1764 in
351 1698 491 1782 scriptia,
510 1719 588 1782 quae
601 1697 747 1782 reliquit,
767 1719 937 1781 expressam
951 1696 1108 1772 ridemus,
1124 1693 1312 1760 viridissimis
1330 1692 1416 1778 quani

206 1819 211 1830 ·
299 1795 453 1860 coloribus
472 1793 642 1879 depictam,
672 1797 758 1857 cuiue
790 1791 998 1876 pulcritudine
1018 1791 1142 1856 adcenai
1161 1791 1208 1855 ael
1227 1790 1314 1853 inriti
1333 1789 1416 1872 cogi-

299 1911 370 1952 mur
390 1889 422 1951 in
444 1891 556 1954 iudicio
576 1889 615 1952 de
634 1890 731 1952 satiris
751 1888 815 1952 ciue
835 1888 963 1952 terendo
983 1887 1016 1948 id
1043 1889 1144 1972 potius
1161 1895 1318 1970 spectare,
1337 1882 1418 1968 qnod

298 1985 449 2066 perlicere
469 1991 635 2071 potuisset,
663 1985 688 2047 ιί
710 1983 758 2048 vel
781 1984 918 2066 aequiori
939 1984 1036 2046 Musio
1055 1995 1191 2066 tempora
1211 1981 1353 2054 vixisset,
1371 1977 1421 2041 rel

298 2083 419 2166 longior
438 2093 516 2145 netas
536 2083 564 2146 ei
585 2081 796 2164 subpetirisset
816 2080 853 2141 nd
874 2100 910 2142 ca
939 2079 1102 2164 poliendo,
1130 2099 1207 2163 quae
1225 2078 1295 2140 eatis
1314 2075 1423 2161 palere

298 2179 507 2252 inchoaverat,
530 2197 622 2260 quam
644 2173 789 2238 iuveniles
809 2173 876 2236 illos
896 2183 1021 2237 conatus
1039 2174 1078 2236 ad
1097 2193 1213 2236 neaerae
1232 2171 1356 2234 criticen
1370 2187 1423 2230 re-

298 2273 382 2358 gulas
402 2269 534 2356 exigere.
575 2272 627 2333 Est
645 2291 717 2332 eane
744 2271 827 2353 qaod
862 2269 1028 2347 miremur,
1059 2278 1173 2331 tantam
1193 2266 1368 2350 gravitatem
1389 2271 1423 2325 et

297 2369 497 2433 constantiam
518 2367 555 2427 in
570 2367 679 2429 invene
699 2366 875 2448 praesertim
890 2363 1040 2448 locuplete
1059 2367 1171 2440 fuisse,
1192 2373 1225 2425 ιιι
1237 2383 1344 2424 cornea
1364 2380 1422 2423 vo·

298 2465 441 2547 tuptates,
464 2459 594 2544 quibua,
614 2479 652 2523 ea
671 2457 750 2520 illius
769 2463 873 2522 aetatis
891 2461 1053 2544 opinione,
1077 2459 1125 2523 rel
1140 2459 1265 2521 honeste
1277 2456 1337 2518 frui
1357 2475 1420 2537 po-

298 2559 422 2632 tuisset,
445 2557 614 2640 respuerit,
649 2556 766 2617 tantum
786 2557 909 2620 virtutis
928 2565 959 2618 et
980 2556 1144 2618 honestatis
1162 2555 1326 2626 sudorem,
1354 2571 1422 2634 qun

247 2679 250 2684 ·
298 2673 371 2716 nam
405 2653 509 2736 quavis
527 2652 637 2735 pagina
666 2653 828 2734 abreptam
856 2650 1015 2728 videmus,
1043 2661 1157 2714 tantam
1176 2649 1364 2712 teneritatem
1385 2645 1422 2706 in

299 2749 385 2812 omni
406 2749 532 2811 mollitie
553 2749 721 2830 castiganda
741 2747 938 2830 moribusque
951 2747 1127 2810 elleminatis
1147 2745 1255 2808 acerbe
1268 2743 1425 2812 notandis,

300 2854 335 2908 nt
353 2843 514 2910 barbatum
534 2841 666 2926 aliquem
686 2865 725 2907 ex
739 2843 845 2926 priscis
863 2841 1008 2904 Romanis
1022 2843 1173 2907 existimes
1191 2839 1307 2904 andire.
1325 2837 1425 2916 Quod

336 3054 380 3120 (7)
399 3051 543 3106 Ithemnius
565 3054 671 3104 Fennue
698 3050 837 3106 Palaemon
886 3051 996 3104 dicendi.
1021 3051 1111 3119 Quint.
1133 3053 1195 3103 luat.
1216 3051 1267 3116 111,
1293 3059 1319 3116 ις
1337 3047 1428 3102 Tacit.

301 3145 357 3190 erat
386 3134 481 3190 nubilis
514 3136 699 3207 grammaticus
722 3145 838 3207 tempore
887 3135 957 3188 Ano.
974 3135 1034 3200 XV,
1051 3142 1093 3188 nt.
1392 3167 1397 3176 ·

300 3217 413 3273 Claudii.
433 3221 520 3273 Veroa
540 3230 615 3275 natue
639 3218 727 3275 literae
746 3220 838 3276 didicit
922 3215 1427 3288 (9)AnnaenGornn1nAser,atotcae

301 3319 384 3372 qaum
400 3303 657 3376 paedagogatum,
674 3301 768 3356 deinde
780 3321 835 3356 ma·
887 3311 969 3356 sectae
982 3300 1113 3370 aemulae,
1124 3318 1246 3374 magnam
1257 3298 1431 3354 hamanitatis

301 3387 432 3438 numianus
448 3389 546 3438 Itomae
556 3385 653 3439 docuit.
677 3387 740 3440 Erat
751 3388 833 3439 omrai·
887 3385 1294 3459 disciplinantmglortnnsnactna
1306 3393 1352 3438 eet.
1361 3382 1430 3438 Phi·

295 3470 423 3523 ‘buevitiia
438 3469 560 3542 infirmia,
573 3471 706 3540 palamne
724 3483 749 3522 et
761 3471 835 3523 Tile-
885 3469 1025 3540 losophiam
1040 3475 1137 3528 Romae
1150 3471 1278 3542 professus
1292 3468 1430 3524 iuventuti

300 3557 340 3614 rio
362 3568 387 3608 et
406 3575 467 3607 mon
493 3553 599 3608 ctmctto
620 3556 836 3625 praedicamilna,
885 3553 1080 3622 edeapientiarn
1091 3553 1340 3607 erudiendaeornce
1353 3561 1430 3604 um-

301 3645 395 3694 nemim’
412 3646 493 3694 minua
512 3643 688 3694 interiectionem
708 3661 837 3710 pannorum
885 3657 932 3709 pue
943 3638 1115 3709 impendebat.
1125 3641 1215 3707 Quum
1224 3637 1367 3700 Neronem,
1381 3636 1430 3688 in-

300 3728 345 3776 net
359 3728 471 3777 triveram
483 3727 693 3780 committendam.
718 3725 838 3797 Captelm
885 3723 987 3795 aignem
1020 3723 1195 3777 eruditionem
1230 3721 1429 3785 adfectantem,

300 3811 413 3862 leominee
435 3829 490 3862 enm
514 3807 636 3862 mansoria
662 3831 760 3874 renam,
785 3825 837 3864 tam
886 3804 968 3859 libere
985 3805 1240 3870 dictoobsendinsct,
1260 3802 1429 3858 inexsilium

297 3895 427 3970 facilitate
455 3896 589 3958 oraticmu
620 3911 665 3946 naec
687 3913 737 3946 nnn
761 3897 837 3948 etiam
887 3889 1184 3944 calemus-01⁰0&
1199 3890 1285 3950 Lxu.
1301 3887 1429 3942 29·⁰⁰fls·

298 3973 535 4051 po'e'mntasaciebat
547 3997 580 4030 en
592 3989 709 4048 tempore.
729 3979 836 4033 Sueten.
887 3991 952 4042 qaae
969 3973 1005 4026 ibi
1022 3973 1050 4026 iu
1070 3973 1139 4027 notia
1159 3971 1306 4026 laudantur.
1329 3971 1429 4024 Suidaa

303 4059 336 4111 de
353 4060 413 4114 clar.
427 4079 538 4132 gramm.
552 4067 594 4116 23.
608 4063 779 4134 Quadragena
792 4081 836 4115 an·
887 4057 914 4108 ln
929 4059 1068 4132 ravenne
1084 4057 1232 4110 emulum
1251 4053 1429 4122 lll⁸l⁰rl⁶¹¹ffl2

303 4161 355 4195 nita
368 4163 401 4197 cx
415 4145 500 4200 schola
512 4147 594 4216 cepit,
612 4163 659 4199 nec
682 4145 833 4218 paulloml-
887 4139 955 4192 Livii
971 4137 1114 4208 aequalem,
1129 4157 1189 4193 cum
1205 4137 1255 4192 hnc
1268 4135 1428 4209 philosopho

280 4272 282 4277 ,
302 4244 353 4279 nus
366 4247 396 4280 ex
407 4247 436 4281 re
450 4228 590 4295 familiari,
606 4229 680 4284 euius
700 4241 756 4283 erat
772 4229 834 4284 dili·
887 4222 1015 4278 cosslttdil·
1027 4223 1094 4276 tdde
1111 4232 1165 4278 nol·
1177 4222 1210 4276 td
1228 4224 1299 4276 ΡΜ·
1314 4223 1369 4274 sn.
1386 4223 1425 4284 Vs

303 4311 553 4381 gentiesimua.·1bid.
888 4313 928 4361 46.

338 4395 381 4461 (8)
406 4393 435 4447 V
435 4397 539 4464 trginim
562 4395 667 4450 Flamin
683 4397 772 4450 rhetor
788 4395 836 4451 sub
922 4395 983 4462 (⁴0)
994 4395 1035 4446 De
1047 4393 1097 4450 hoc
1112 4395 1169 4452 aide
1184 4411 1248 4464 truce
1262 4401 1348 4448 notata
1361 4399 1428 4446 eunt

304 4475 416 4538 Traiano
433 4487 551 4534 mortuns
563 4491 609 4534 cst.
623 4479 728 4556 Scripsit
741 4479 772 4534 de
785 4492 838 4535 arte
888 4476 920 4530 ad
934 4479 987 4532 Sat.
1001 4481 1045 4534 vl.
