3046 5498
423 416 708 490 nonanonvn
743 419 893 488 rosan
1119 381 1223 488 xlix

88 643 148 688 rso.
167 619 201 684 in
223 621 351 688 Cliton.
372 623 673 712 HecubadOlymp.
700 631 765 712 ¹74·
786 649 812 688 a.
833 635 874 704 ι’.)
898 625 945 690 sel
964 623 1002 692 ab
1015 627 1127 704 Atace,
1145 623 1222 694 Nor·

13 792 15 823 Ι
90 719 207 810 Haemi
230 718 336 784 fluvio
352 729 393 796 (v.
421 723 573 808 Porphyr.
595 724 634 786 ed
646 725 753 786 Horat.
766 725 784 788 Ι.
804 723 867 800 1.),
891 723 991 788 dictus
1013 726 1168 790 Atacinus.
1190 728 1221 790 Is

11 824 13 852 ³
98 827 197 904 prietes
218 817 348 882 Satires
370 821 495 904 scripsit
514 823 724 904 Argonautica
745 820 922 903 bellumque
942 822 1169 906 Sequanicam,
1189 833 1224 886 et

11 977 12 986 ,
100 917 192 978 iudicio
212 913 425 991 Quintilli,
454 935 479 976 ι.
502 907 534 978 si
547 917 597 996 87.
618 919 652 976 in
671 919 728 992 iis,
747 939 803 994 per
822 939 902 1001 quae
922 939 1032 980 nonsers
1058 934 1100 984 est
1122 919 1222 982 adse-

11 1079 13 1086 ,
99 1030 206 1098 quites,
241 1015 402 1098 interpres
412 1015 482 1096 suit
502 1016 603 1094 operis
623 1013 737 1088 alieni,
770 1035 833 1074 non
861 1015 1051 1097 spernendus
1075 1017 1222 1100 quidem,

101 1129 181 1170 lemn
199 1107 248 1168 cd
275 1107 452 1190 aagendam
464 1109 647 1193 facultatem
670 1107 796 1170 dicendi
806 1131 918 1190 parum
935 1111 1074 1188 locuples.
1096 1113 1222 1177 Procles·

102 1205 167 1266 bunc
183 1203 349 1285 quosdam
372 1204 446 1264 ulios
466 1205 620 1264 satiricum
644 1202 764 1266 dicendi
787 1226 884 1286 genus
905 1205 1015 1265 srustrn
1036 1215 1107 1266 oute
1120 1227 1153 1268 se
1172 1230 1223 1270 ex·

11 1321 12 1326 ¹
102 1309 180 1384 petas
194 1317 269 1360 osse
293 1299 392 1360 tradit
413 1299 557 1360 Horatius
570 1299 599 1374 Ι.
622 1299 641 1360 Ι.
665 1309 694 1359 st
715 1301 839 1382 quinam
862 1300 893 1360 hi
910 1303 1023 1362 tuerint
1038 1301 1223 1381 ignoramus.

101 1393 292 1456 Gsnubouus
319 1395 380 1457 huc
406 1396 503 1456 refert
522 1395 659 1458 Samium
683 1417 706 1456 s.
730 1397 868 1458 Seruium
889 1399 1078 1459 Nicanorem
1106 1407 1138 1460 et
1158 1401 1223 1460 Le-

94 1511 189 1554 naeum
221 1493 397 1576 (Pompeii
419 1493 463 1552 M.
489 1491 659 1569 libertum)
679 1493 901 1554 Grammaticos
927 1502 966 1566 (ι.
999 1494 1138 1556 illacrob.
1158 1497 1223 1560 Set.

91 1593 134 1661 ΙΙ,
157 1591 202 1663 ι4.
225 1597 262 1648 ct
285 1589 375 1650 Suet.
396 1586 437 1648 de
461 1586 502 1647 ΙΙΙ.
523 1588 660 1646 Granum.
689 1609 716 1647 c.
750 1587 778 1648 5.
808 1597 839 1648 et
863 1587 928 1666 15.)
956 1609 1087 1670 quornm
1109 1591 1222 1657 snsiru

32 1700 37 1713 ¹
91 1688 161 1748 torre
181 1705 250 1744 non
270 1683 448 1743 Lucilianus
468 1683 559 1744 luisse
579 1703 670 1763 supra
692 1682 834 1742 diximus.
864 1683 973 1744 Omisit
994 1693 1095 1744 autem
1117 1687 1150 1748 L.
1164 1687 1223 1750 At-

91 1782 226 1853 butium,
249 1797 350 1860 quem
367 1801 422 1840 nos
437 1781 470 1837 in
493 1780 603 1838 horum
619 1777 719 1840 locuni
740 1777 947 1840 substituimus
967 1801 1005 1840 ex
1025 1779 1164 1844 Varrone
1183 1783 1223 1844 de

91 1879 237 1938 tettan.
262 1875 324 1935 ΙΙΙ.
349 1897 377 1934 2.
400 1896 421 1936 s
441 1893 485 1953 ¹7·
506 1877 619 1934 Nonne
639 1878 707 1934 item
730 1876 769 1934 L.
789 1875 931 1936 Albutius
948 1877 1039 1936 lsorrso
1062 1884 1107 1950 (ιιι
1126 1880 1222 1956 scitis)

88 1977 222 2057 apprime
235 1973 379 2046 doctus,
393 1974 478 2034 cuius
498 1972 659 2032 Luciliano
681 1973 857 2033 charactere
877 1985 946 2032 sum
960 1973 1078 2048 libelli,
1097 1974 1222 2038 dicebar

87 2076 117 2134 iu
134 2071 264 2131 Albano
282 2069 422 2154 fundum
437 2089 523 2129 suum
540 2069 730 2149 pastionibus
743 2089 859 2154 semper
872 2071 953 2130 vinci
966 2089 987 2130 ιι
1001 2070 1090 2134 vilici
1110 2091 1222 2150 agrum

88 2169 163 2228 enim
184 2169 291 2228 minus
306 2165 390 2226 dena
403 2165 504 2226 millia
523 2163 676 2243 reddere,
695 2167 797 2226 uillam
817 2167 888 2247 plus
902 2167 1017 2228 uicena.
1038 2166 1076 2228 Iu
1099 2168 1222 2250 optimis

89 2263 238 2326 Ver-mnis
260 2263 425 2324 codicibus
445 2261 557 2344 legitur
576 2264 748 2337 Abuccius,
771 2273 804 2324 ut
825 2275 857 2326 et
877 2263 923 2326 111
938 2307 947 2342 ,
962 2268 993 2340 6,
1003 2268 1032 2329 6.
1062 2263 1115 2328 sed
1131 2285 1222 2348 preo-

87 2381 204 2420 uomeu
224 2359 333 2433 forte,
354 2379 418 2418 nou
439 2379 553 2419 nomen
574 2357 798 2421 emendandum
819 2369 850 2420 et
869 2360 1082 2442 reponendum
1106 2362 1143 2420 Τ.
1163 2362 1220 2422 Al·

85 2457 192 2518 burim
227 2477 250 2516 s.
279 2456 441 2518 Albucius.
475 2455 505 2514 ls
540 2455 598 2516 tuit
618 2455 749 2538 aequalis
771 2455 914 2530 Lucilio,
943 2458 997 2538 qui
1020 2455 1128 2537 possim
1157 2455 1222 2518 eius

81 2551 232 2614 meminit
247 2552 279 2610 in
300 2551 411 2612 Satiris
432 2557 473 2622 (ι.
494 2571 522 2616 c.
543 2571 590 2630 ap.
612 2551 678 2612 Cic.
702 2551 768 2612 Fiu.
782 2551 816 2624 Ι,
837 2552 866 2612 3.
881 2561 912 2612 et
927 2553 1010 2612 Oret.
1032 2551 1101 2626 44.)
1141 2551 1222 2612 Pro·

21 2676 22 2686 ι
83 2655 216 2731 praetor
235 2647 401 2710 Sardiniae
425 2669 450 2708 a.
472 2646 508 2706 V.
530 2648 640 2722 cliiii.
673 2647 761 2720 (Cic.
783 2648 854 2710 Div.
882 2666 925 2726 19.
947 2647 1009 2711 Pis.
1024 2646 1073 2708 38.
1089 2645 1152 2708 Off.
1166 2647 1221 2722 ΙΙ,

87 2747 132 2818 ι4.
154 2743 250 2804 Ριοι.
278 2765 307 2824 7.
330 2741 414 2804 Brut.
437 2743 506 2818 26.)
535 2743 690 2823 perfectus
715 2743 882 2824 Epicureus
905 2753 935 2804 et
958 2743 1222 2824 peeaeGreecus,

7 2863 15 2910 ι
81 2840 134 2920 qui
157 2840 298 2920 primum
319 2837 501 2900 adolescens
521 2847 551 2898 et
571 2847 673 2920 postea
689 2836 774 2899 exsul
788 2837 915 2900 Athenis
929 2837 1005 2900 vixit
1026 2836 1119 2920 (Cic.
1134 2837 1221 2900 Brut.

79 2935 129 2998 35.
153 2943 186 2996 ct
210 2935 307 2996 Tusc.
322 2935 385 3011 Qu.
400 2937 443 3008 V,
464 2936 528 3014 37).

13 3090 16 3113 ,
120 3031 250 3092 Horatii
273 3041 372 3092 aetate
395 3029 489 3092 Iulius
509 3030 634 3103 Florus,
656 3039 702 3102 et,
726 3031 752 3090 si
772 3030 925 3113 Porphyr.
939 3029 978 3090 ed
1001 3033 1110 3092 Horat.
1125 3029 1222 3112 Epist·

7 3900 13 4089 Ι

11 4108 14 4158 ι
83 4086 354 4160 declamatorem,
375 4086 426 4148 iile
448 4107 538 4158 vero,
567 4105 636 4146 eum
664 4083 837 4166 principem
859 4083 890 4142 iu
913 4080 1086 4166 eloquentia
1105 4081 1223 4144 Gallia·

13 4172 14 4183 ’
84 4191 209 4244 sumet
233 4184 316 4244 inter
338 4203 453 4266 peucos
473 4182 621 4244 disertum
641 4181 743 4242 faisse.

14 4298 20 4333 t
121 4280 198 4340 Post
220 4277 388 4339 Horatium
412 4287 532 4362 praeter
554 4275 692 4336 Persium
726 4283 757 4336 et
777 4273 951 4336 luucuulcrn
975 4275 1148 4355 bonumque
1170 4295 1224 4338 oe-

88 4381 145 4437 nte
166 4376 261 4436 multi
283 4374 337 4435 alii
361 4375 502 4437 exstitere
522 4373 691 4434 Satirarum
717 4373 903 4452 scriptores,
929 4369 1068 4443 Turnus,
1089 4371 1224 4445 hairus,

90 4470 201 4553 διἸιιιι,
221 4471 386 4554 Sulpicia,
409 4473 534 4552 Tucca,
553 4469 690 4534 Massiuae
713 4469 880 4552 Vopiscus,
898 4467 981 4532 forte
1000 4475 1031 4530 et
1051 4468 1223 4532 luliustirs·
1311 4537 1329 4548 ,

190 4587 277 4662 Ivv.
300 4586 331 4659 Ι.
1093 4580 1123 4680 4

17 3130 18 3138 ’
79 3129 114 3201 l,
135 3131 168 3192 3.
192 3127 274 3189 fides
299 3126 456 3198 habenda,
490 3127 539 3186 bic
567 3127 678 3186 Florus
697 3127 756 3198 fuit
781 3126 954 3188 Satirarum
974 3129 1116 3210 scriptor,
1135 3129 1223 3186 ruisse

17 3212 18 3223 ¹
78 3237 152 3284 sunt
173 3223 296 3283 electae
314 3244 358 3282 ex
379 3223 505 3295 Ennio,
538 3221 660 3282 Lucilio
688 3235 716 3282 et
753 3221 914 3282 Varrone.-
946 3219 1084 3303 adeoque
1103 3219 1222 3282 diversa

78 3319 204 3380 Setis-ae
230 3339 345 3398 genera
367 3317 507 3379 tractavit
526 3315 574 3378 vel
597 3317 724 3378 miscuit.
760 3316 794 3377 Ei
819 3316 980 3400 inscriptae
1007 3327 1081 3380 suat
1113 3317 1220 3382 Horat.

81 3415 181 3498 Epist.
215 3413 276 3474 ΙΙΙ.
306 3414 358 3475 ΙΙΙ).
388 3415 413 3474 Ι.
438 3421 468 3472 ct
490 3413 530 3473 ΙΙ.
552 3411 604 3474 ΙΙΙ).
631 3413 671 3472 ΙΙ.
692 3435 729 3474 ex
750 3413 861 3494 quibus
892 3421 935 3485 (et
959 3413 1083 3496 quidem
1110 3436 1148 3478 ex
1167 3415 1222 3496 Hp.

80 3511 148 3582 ΙΙΙ,
175 3531 231 3581 ιιι
256 3513 308 3584 ²4·
334 3519 364 3570 ct
378 3509 425 3581 li,
450 3511 499 3587 59.
519 3509 585 3582 60.)
607 3509 799 3569 Casaubonus
820 3529 887 3589 pag.
905 3510 974 3569 230.
995 3518 1027 3568 et
1047 3507 1223 3571 Wielandus
1336 3541 1342 3552 ·

79 3607 132 3680 (ed
159 3607 273 3668 Horat.
296 3607 350 3686 Ep.
372 3606 413 3666 T.
434 3607 474 3666 ll.
497 3628 525 3688 p.
544 3613 625 3687 129.)
648 3605 840 3677 coniiciunt,
864 3625 933 3666 eum
950 3625 1012 3664 non
1027 3605 1084 3664 nisi
1103 3605 1223 3674 Ἐρωτικὰ

79 3703 260 3784 scripsisse.
280 3703 443 3782 ingenium
466 3715 566 3764 tamen
588 3701 651 3762 eius
673 3700 790 3760 varium
813 3699 903 3762 fuisse
923 3700 1003 3760 etad
1018 3699 1223 3761 diversuscri-

84 3799 185 3860 bendi
207 3819 325 3880 genera
347 3809 470 3882 aptum,
495 3821 532 3860 cx
553 3796 659 3858 eadem
681 3797 773 3878 Epist.
796 3795 862 3871 111,
883 3819 922 3855 22
937 3817 997 3876 seq.
1011 3795 1222 3874 cognoscitur:

81 3913 120 3956 ex
140 3915 210 3978 quo
233 3893 304 3956 loco
325 3893 417 3956 etiem
438 3893 598 3976 probabile
620 3889 677 3968 fit,
695 3891 736 3952 de
757 3890 864 3954 eodem
887 3889 978 3952 Floro
993 3890 1076 3972 loqui
1091 3889 1221 3966 Quintil.

82 3989 133 4066 X,
162 3991 206 4066 3,
235 4013 271 4050 12
293 4011 356 4072 seq.
378 4001 410 4050 et
430 3990 537 4052 Senec.
556 3987 703 4049 Co'ntrov.
728 3987 834 4047 XXV.
867 3987 926 4048 Hic
954 3994 1131 4064 mensuret,
1150 4008 1223 4048 eum
