3108 5494
612 388 763 458 slutttt
798 392 845 460 ll·

163 589 254 668 Non
271 587 419 668 faciunt
434 588 492 668 illi
501 649 514 685 ,
534 619 630 697 quos
647 597 813 674 vicimus.
825 676 827 682 ,
841 599 891 674 Et
907 611 1035 676 tamen
1053 625 1153 677 unus

161 709 368 782 Armenius
389 707 537 785 Zalates
556 714 701 789 cunctis
722 733 901 790 narratur
928 717 1083 820 ephebis

160 821 324 898 Mollior
340 824 489 900 ardenti
507 853 586 907 sese
605 829 803 907 indulsisse
824 832 1010 908 Tribun0.
1246 835 1294 888 ⁴⁶⁵

159 937 353 1042 Adspice,
374 939 470 1043 quid
489 939 630 1016 faciant
651 949 898 1022 commercia!
921 963 1077 1026 venerat
1095 945 1216 1023 obses.

162 1053 238 1128 llic
256 1053 354 1129 fiunt
373 1056 564 1133 homines:
601 1086 687 1136 nam
707 1065 737 1138 si
758 1091 863 1141 mora
883 1061 1034 1166 longior
1053 1063 1197 1136 Vrbem

159 1168 330 1245 Indulsit
348 1177 500 1278 pueris,
519 1202 598 1251 non
618 1205 797 1282 umquam
817 1179 940 1253 deerit
960 1195 1104 1253 amator
1116 1207 1126 1268 ;

161 1289 368 1364 Mittentur
386 1290 546 1382 bracae,
566 1293 732 1388 cultelli,
752 1293 880 1386 frena,
899 1294 1108 1398 flagellum.
1298 1393 1303 1402 .

164 1407 228 1481 sio
247 1424 504 1512 praetextatos
526 1409 701 1488 referunt
718 1413 897 1489 Artaxata
915 1438 1050 1490 mores.
1244 1413 1295 1463 ⁴⁷⁰

202 1660 261 1710 463.
282 1658 329 1726 ipsi
355 1658 554 1708 tt-vttctmu
573 1659 601 1708 24
631 1676 644 1708 a
668 1674 705 1708 tn.
757 1659 826 1710 rium
841 1655 907 1709 velit
919 1655 1046 1727 intelligi,
1068 1656 1300 1729 tleproerieffimi-

166 1757 206 1810 pr.
222 1741 284 1792 Post
304 1741 409 1792 vicimus
426 1738 552 1792 maiorem
570 1739 645 1812 posui
662 1739 703 1792 di·
757 1755 863 1806 truatur,
880 1751 909 1794 ut
925 1743 958 1794 X.
976 1747 1034 1796 304.
1055 1746 1114 1795 306.
1153 1724 1158 1736 ’

168 1822 345 1876 stinctionetn.
363 1823 538 1875 Attamentb.
791 1832 850 1880 468.
862 1846 1045 1898 nonnumquam
1059 1831 1098 1880 40.
1109 1831 1152 1879 49.
1161 1833 1202 1880 63.
1214 1846 1286 1880 num·

203 1914 264 1961 464.
279 1907 387 1960 Zalaces
411 1915 452 1960 47.
475 1912 518 1960 24.
540 1912 584 1962 24.
607 1912 649 1961 62.
664 1911 707 1961 70.
758 1929 833 1982 quam
851 1917 891 1963 47.
909 1915 949 1963 24.
975 1905 1027 1962 sad
1045 1909 1155 1962 verbum
1174 1909 1297 1966 detritio

169 1999 210 2048 75.
226 1999 269 2047 76.
291 1997 332 2046 84.
349 1992 449 2046 Zeluter
467 1997 499 2048 23
522 2011 588 2046 arn.
602 2011 650 2047 sec.
666 1999 706 2047 26.
758 1994 823 2048 duaa
840 1993 953 2066 syllabas
969 1992 1192 2058 contrabendum,
1214 2003 1242 2046 ut
1255 2013 1297 2064 ap.

169 2086 211 2133 49.
230 2083 327 2132 5560.
346 2079 450 2132 Zalaces
468 2084 564 2132 ld.l9.
586 2084 619 2134 2³
640 2097 704 2132 am.
756 2079 827 2150 Virg.
844 2082 909 2134 Aen.
927 2088 953 2144 7,
978 2083 1039 2133 262.
1054 2081 1103 2134 Ge.
1121 2081 1146 2130 2.
1161 2083 1222 2136 200.
1236 2085 1297 2134 233.

170 2183 208 2235 pr.
232 2163 334 2216 celotes
351 2168 382 2216 40
400 2163 523 2216 Zalaaloes
540 2167 583 2217 22.
601 2162 707 2216 Galarer
756 2162 790 2216 al.
988 2205 990 2210 .

163 2256 217 2316 ,45.
231 2247 339 2300 Totam
358 2252 398 2301 40.
416 2248 513 2300 Ielaees
529 2253 571 2300 20.
586 2249 707 2300 Galatiae:
793 2253 849 2302 469.
863 2247 1002 2302 branae23.
1014 2252 1056 2301 24.
1075 2253 1115 2302 45.
1135 2249 1177 2300 46.
1193 2251 1236 2300 40.
1251 2252 1296 2300 40.

170 2339 212 2385 45.
238 2332 344 2384 Galatea
366 2337 406 2384 46.
433 2331 533 2383 Zelotes
556 2335 597 2384 54.
632 2333 705 2401 prob.
758 2339 801 2388 66.
816 2338 856 2386 69.
880 2339 990 2388 ‹tt-63.
1010 2339 1052 2387 68.
1076 2335 1119 2384 09.
1141 2341 1183 2386 74.
1207 2334 1254 2384 Gr.
1276 2331 1294 2390 ᾗ

172 2416 267 2469 Sabino
273 2453 282 2478 ,
304 2415 348 2484 qui
367 2413 414 2467 bos
433 2414 574 2468 Armeniae
597 2415 708 2488 populos
758 2414 847 2486 βράκα
868 2425 896 2466 et
915 2413 944 2466 τὸ
966 2414 1062 2488 βράκας
1082 2432 1121 2482 ap.
1145 2411 1253 2466 Diodor.
1267 2417 1294 2476 2,

173 2519 229 2554 esse
257 2511 353 2553 monet.
376 2499 429 2552 Sed
454 2501 557 2554 Zalates
582 2500 607 2554 b.
624 2501 641 2555 l.
669 2512 707 2554 eat
757 2500 900 2552 sttstrab.
915 2507 941 2550 et
960 2499 992 2549 al.
1012 2494 1188 2562 braccaealii,
1213 2513 1297 2564 eaque

171 2585 260 2652 potius
270 2599 365 2634 nornen
383 2599 467 2651 propr.
481 2581 585 2635 obsidis.
756 2580 881 2650 scriptura
900 2579 1024 2634 usitatior.
1048 2577 1152 2631 brachae
1168 2585 1209 2632 47.
1221 2579 1294 2630 brae-

207 2674 264 2722 466.
281 2681 384 2723 venerat
401 2669 486 2738 hosper
496 2671 537 2722 26.
757 2665 818 2718 otae
844 2669 884 2718 27.
914 2667 955 2716 60.
981 2667 1022 2718 65.
1038 2691 1073 2706 -·
1088 2661 1197 2714 clitella
1226 2659 1295 2716 coni.

175 2765 179 2774 ·
206 2759 266 2807 467.
280 2750 322 2806 Sia
334 2762 359 2804 4.
373 2763 399 2804 et
412 2752 447 2805 ita
459 2751 564 2806 emend.
574 2753 605 2806 C.
617 2753 706 2808 Valet.
756 2736 893 2802 Schrade'r.

168 2834 243 2888 orius
256 2845 318 2888 nota
337 2845 392 2889 est:
408 2835 522 2906 riofiuut
540 2835 664 2901 homines,
678 2838 706 2890 id
791 2839 848 2886 470.
867 2831 897 2887 St
913 2837 937 2886 4.
952 2833 1004 2886 Hie
1023 2839 1066 2886 64.
1086 2833 1155 2884 Hine
1171 2827 1295 2899 suspicari

170 2929 225 2982 est,
244 2937 405 2988 quamquam
416 2938 468 2972 non
485 2918 589 2986 Latine,
609 2923 645 2974 tio
658 2926 706 2974 virt
756 2919 847 2991 possis,
859 2917 885 2970 h.
899 2939 922 2972 e.
939 2921 1037 2982 Itonia,
1059 2926 1085 2970 et
1098 2917 1215 2988 restarent.
1243 2910 1300 2966 Sed

167 3003 253 3074 fiunt,
270 3015 297 3058 et
312 3001 362 3058 boc
375 3003 494 3072 satirico,
506 3020 590 3073 quum
603 3016 705 3062 eontra·
760 3003 866 3076 vulgata
878 3021 980 3077 quoque
991 3003 1067 3058 lectio
1078 3001 1144 3057 beas
1156 2997 1277 3055 sehabet.
