3108 5494
206 409 210 414 ·
269 381 332 472 92
658 425 661 430 .
705 384 929 444 rvvautnts

245 608 249 612 ·
265 581 315 654 Et
332 553 437 656 uetus
456 578 626 682 indulget
645 582 797 671 senibus
813 580 1013 656 clementia
1035 581 1177 686 porcis.
1335 617 1383 671 ,ω

314 695 478 772 Nullane
500 696 547 771 de
566 700 678 772 tantis
698 697 874 800 gregibus
896 697 1096 801 tibidigna
1115 698 1301 774 ridetur?

266 810 322 884 Sit
340 810 524 900 formosa,
542 811 705 900 decens,
723 813 847 902 dives,
863 812 1048 904 fecunda,
1066 831 1230 890 vetustos

264 925 476 1000 Porticibus
496 926 671 1030 disponat
691 956 800 1018 avos,
820 932 999 1003 intactior
1017 930 1120 1002 omni

265 1032 443 1118 Crinibus¹
459 1044 583 1118 effusis
603 1044 745 1121 bellum
763 1046 963 1121 dirimente
981 1047 1119 1120 Sabina

265 1160 387 1259 (Rara
407 1161 482 1233 avis
502 1163 670 1236 interris
690 1165 877 1264 nigroque
898 1161 1084 1238 simillima
1101 1160 1278 1264 cycno):
1332 1199 1382 1250 ,⁶5

265 1277 357 1367 Quis
374 1274 472 1350 feret
489 1304 665 1367 uxorem,
683 1281 744 1351 cui
763 1296 938 1352 constant
958 1280 1115 1354 omnia?
1135 1277 1259 1372 Malo,
1361 1309 1363 1312 ·

266 1391 368 1468 Malo
385 1395 636 1483 Venusinam,
654 1423 768 1496 quam
785 1412 843 1484 te,
861 1394 1172 1471 Corneliamater

267 1511 548 1602 Gracchorum,
568 1515 599 1586 si
618 1537 703 1584 cum
721 1514 862 1612 magnis
882 1509 1083 1587 virtutibus
1102 1514 1212 1588 offers

268 1626 422 1700 Grande
440 1627 682 1731 supercilium
702 1644 740 1702 et
757 1655 932 1703 numeras
950 1631 991 1702 in
1008 1628 1097 1703 dote
1116 1629 1337 1732 triumphos.

268 1741 377 1818 Tolle
392 1760 510 1835 tuum,
522 1771 672 1848 precor,
681 1744 929 1819 Hannibalem
946 1749 1161 1850 victumque
1171 1746 1382 1850 Syphacem

267 1858 312 1932 In
332 1862 480 1951 eastris,
497 1879 536 1934 et
555 1887 641 1935 cum
659 1879 736 1936 tota
753 1862 976 1964 Carthagine
998 1865 1126 1966 migra.
1333 1899 1383 1948 tte

316 1976 454 2064 Parce,
472 2001 630 2078 precor,
649 1981 792 2066 Paean,
810 1995 848 2051 et
867 1996 927 2068 tu,
948 1981 1049 2070 Dea,
1070 2003 1169 2082 pone
1188 1981 1339 2082 sagittas
1349 2005 1361 2068 ;

267 2088 329 2166 Nil
345 2094 457 2194 pueri
475 2090 640 2182 faciunt,
656 2095 773 2197 ipsam
793 2092 969 2196 configite
988 2095 1164 2170 matreml

267 2309 343 2362 batha
357 2319 382 2362 et
395 2308 521 2380 σάββαθα
530 2329 577 2380 pro
589 2308 802 2382 νυΙμάββατα.
851 2311 920 2364 inter
933 2312 1002 2366 viror
1014 2312 1101 2368 doctos
1119 2313 1242 2382 scriptura
1254 2310 1382 2384 thogo

302 2401 362 2448 tot.
376 2395 406 2450 V
403 2397 470 2446 llam
484 2399 526 2448 23.
538 2395 596 2448 Non
612 2395 690 2458 male,
703 2407 731 2448 ut
743 2395 804 2450 haec
852 2407 877 2449 et
891 2397 1029 2468 Karthago.
1042 2402 1071 2450 ln
1092 2398 1192 2464 nuruis,
1215 2396 1340 2466 inscriptt.
1360 2405 1387 2448 et

269 2497 371 2549 quoque
388 2483 478 2550 poetae
486 2520 497 2545 ,
510 2499 563 2533 non
581 2480 708 2546 Postumi,
725 2481 804 2534 rerba
852 2497 976 2532 marmor.
990 2475 1171 2551 orthographia
1189 2480 1284 2545 variat,
1302 2485 1387 2548 neque

267 2563 327 2617 sint.
852 2571 923 2616 tante
937 2573 975 2616 est
987 2565 1125 2618 auotoritas
1138 2581 1245 2626 eorum,
1270 2573 1298 2616 nt
1317 2573 1387 2615 certa

301 2650 589 2722 ⁴62.fiem1da22.85.
851 2645 980 2698 scribendi
996 2646 1091 2716 'regula
1114 2645 1174 2698 inde
1199 2646 1278 2715 repeti
1301 2655 1387 2716 quent.

303 2741 362 2790 tos.
378 2740 517 2789 seuerior
537 2739 605 2789 orror·
622 2735 691 2806 conj.
707 2735 802 2790 Morkt.
851 2729 881 2780 K
892 2747 944 2780 oon
970 2745 1029 2780 vero
1051 2727 1139 2793 tium,
1158 2728 1201 2780 sed
1222 2730 1387 2798 ,comodum
1439 2727 1443 2734 ’

269 2839 296 2874 v.
309 2821 412 2873 Comm.
851 2818 977 2865 coruinum
997 2825 1057 2864 nota
1081 2811 1174 2864 dicitnr
1194 2811 1304 2880 Quintil.
1320 2815 1385 2866 lntt.

304 2907 360 2956 465.
374 2922 468 2974 cyeno,
482 2921 536 2957 non
549 2922 650 2976 eygm,
668 2908 711 2958 20,
724 2922 802 2973 quam
851 2896 897 2948 Or.
906 2898 925 2960 l,
936 2901 961 2957 t,
975 2901 1000 2950 9.
1015 2896 1058 2949 ubi
1074 2915 1098 2948 v.
1112 2895 1248 2966 Spalding.
1258 2896 1297 2948 Cl.
1314 2899 1386 2948 Dra·

269 2986 422 3056 scripturam
447 2989 587 3052 avutam,
613 2988 673 3058 quia
699 2989 803 3042 Graecis
852 2976 1200 3043 keflb·⁸l¹¹⁰⁵²dSll·l‚3·
1391 3040 1394 3046 ,

270 3068 360 3130 κύκνος
374 3069 475 3124 dicitur,
887 3063 944 3112 472.
952 3071 979 3112 tu
990 3061 1047 3112 Deo
1057 3079 1123 3130 porte
1129 3061 1234 3130 sagittar
1241 3077 1271 3110 ex
1279 3057 1387 3112 entend.

306 3154 440 3224 teusetae
458 3160 499 3206 te.
509 3158 612 3206 26.n0n
624 3152 702 3206 male.
852 3142 958 3198 Graevii
979 3154 1047 3196 recte
1054 3181 1064 3206 ,
1085 3143 1192 3214 opinor,
1208 3142 1290 3197 edidit
1310 3145 1384 3194 Hen-

304 3241 361 3289 463.
379 3235 580 3290 Gramma&
599 3236 666 3288 md
678 3239 711 3299 11,
727 3239 769 3288 24,
851 3225 906 3277 nin.
924 3243 1001 3295 quem
1024 3229 1124 3294 sequti
1145 3245 1241 3280 sumus.
1262 3231 1292 3280 ln
1312 3224 1387 3278 libris

304 3329 362 3377 459,
373 3343 427 3378 w„
443 3325 502 3377 (ιρις
521 3331 561 3377 43,
581 3329 625 3376 46,
640 3329 681 3376 47,
702 3327 746 3376 43,
760 3326 801 3376 50,
851 3317 908 3361 tum
921 3309 1023 3378 scriptis
1037 3320 1093 3362 tum
1108 3308 1183 3362 editis
1196 3307 1291 3378 legitur
1303 3321 1329 3360 tu
1341 3308 1386 3359 de-

271 3411 314 3460 64,
850 3411 915 3462 pone
930 3397 1050 3462 sagittas,
1077 3401 1103 3444 et
1124 3410 1242 3460 pronum.
1259 3403 1286 3444 tu
1306 3389 1387 3460 vulgo

304 3487 510 3560 ttt.Cortogine
523 3487 803 3558 22.85·etKortogtne
851 3477 884 3530 ed
902 3479 1021 3536 eamdem
1036 3477 1112 3528 deam
1133 3476 1244 3540 Dianam
1257 3475 1386 3537 refertur,

269 3577 313 3628 ῃ,
333 3573 389 3626 ‚ine
415 3573 531 3643 edwine,
550 3584 578 3624 ur
602 3576 629 3625 in
649 3571 802 3640 quibusdam
851 3579 916 3632 quae
928 3559 995 3612 ratio
1009 3559 1151 3612 admodum
1173 3557 1237 3610 dura
1251 3568 1298 3612 est.
1314 3556 1386 3610 Aucti

269 3655 395 3724 interiptt.
412 3655 502 3708 Cicero
518 3654 545 3706 in
562 3655 634 3706 Orat.
645 3659 718 3707 etti.
734 3653 803 3723 Quin
850 3655 937 3697 tamen
951 3643 1137 3696 Heineckiumt
1157 3650 1174 3674 “
1188 3642 1313 3713 Egregius
1327 3661 1387 3712 pro·

269 3755 318 3807 ego
342 3740 412 3806 ipse,
432 3735 530 3805 iuquit,
553 3754 626 3805 mmm
645 3739 749 3800 sciron,
765 3738 802 3787 ita
848 3727 1014 3792 sectolocus,
1028 3726 1071 3779 ubi
1095 3726 1179 3779 subita
1198 3725 1386 3780 sententiarum

269 3822 376 3874 maiorer
397 3821 508 3890 loquitor
534 3837 600 3883 esre,
624 3830 650 3870 ut
667 3838 802 3888 memsam,
849 3811 993 3875 conversio,
1006 3810 1070 3863 dum
1084 3809 1260 3879 Amphionem
1273 3807 1385 3878 loquen-

269 3907 317 3956 ru'si
329 3907 356 3956 in
373 3905 472 3968 vomlt,
486 3904 653 3972 adspiratione
665 3917 802 3970 meremor,
851 3907 904 3949 tem
921 3896 1020 3948 inducit
1034 3904 1124 3966 poeta,
1141 3893 1264 3948 lectorem
1285 3893 1385 3946 mirum

269 3989 387 4056 loquebar
409 3993 465 4052 sic,
490 4000 516 4039 ut
539 3985 654 4057 pulcros,
679 3989 801 4058 (leleges,
849 3980 878 4033 in
894 3979 1004 4034 modum
1018 3979 1109 4043 allicit,
1126 3989 1156 4032 ut
1168 3997 1226 4030 rum
1242 3979 1269 4030 iu
1280 3977 1385 4047 optimis

269 4071 410 4139 triumplu,
428 4073 593 4143 Kartaginem
609 4071 731 4124 dicerem,-
747 4073 798 4124 aa.
850 4064 979 4116 luvenalis
989 4082 1043 4117 esse
1056 4073 1174 4116 statuam.
1185 4060 1291 4116 Mallem
1306 4061 1385 4130 igitur

269 4152 385 4222 mundo,
398 4152 470 4222 idque
483 4171 553 4217 sero,
573 4154 687 4206 corarisio
706 4157 802 4206 aurium
850 4146 1382 4217 interpreteseumintactumreliquissent.

269 4250 343 4302 ptum
360 4245 443 4283 exorto
456 4231 517 4284 mitt
532 4234 624 4284 veritas
639 4245 713 4296 erret,
733 4251 801 4284 uuum
850 4233 882 4283 Hi
897 4251 974 4297 vero,
996 4231 1140 4303 elegantem
1159 4230 1283 4304 loquendi
1300 4231 1381 4282 ratio·

269 4313 385 4384 loquendi
407 4314 499 4384 populo
526 4319 650 4380 comessi,
675 4319 802 4370 munuum
851 4335 912 4368 uem
940 4334 992 4368 non
1017 4315 1210 4388 intelligentes,
1245 4313 1383 4368 lectionem

271 4399 333 4452 rrilrt'
348 4402 476 4454 numeri.
504 4400 562 4456 Non
585 4399 707 4456 convenit
722 4399 802 4456 etiam
851 4399 947 4470 optime
958 4418 985 4456 re
1002 4399 1139 4456 habentem
1152 4397 1332 4454 sollicitavere.
1343 4395 1384 4448 Tu
