3028 5492
402 367 642 440 aonrsavaa
674 361 957 438 nrvnasonvn
1134 323 1247 432 lxxi

104 575 282 665 ιιιιιιιι,
302 575 341 651 sd
359 585 495 654 benten
525 577 729 660 admiratione
748 575 959 680 inuoluptate
979 583 1244 681 pertundendum,

104 680 146 748 sd
170 696 275 750 mores
292 690 356 750 ιιιι
376 686 587 754 Romanorum
607 686 688 755 ltltns
709 686 794 770 sesi,
817 706 911 778 quum
926 687 1070 758 nnlaerse
1084 687 1247 758 homiuum

106 780 234 864 penitus
265 785 519 868 cognoscendos,
549 785 588 850 art
618 796 778 852 tenuatum
813 787 1039 869 urluultureuu,
1070 789 1243 854 naturalem

1 912 6 934 v
105 881 361 968 simplicitatem,
399 883 581 970 gravitatem
609 883 743 970 aliasque
774 896 804 950 et
836 886 982 952 orationis
1006 895 1038 952 et
1066 887 1145 952 ritae
1166 897 1245 953 artes

107 974 292 1059 discendas,
319 981 359 1044 ad
389 980 542 1044 diuersam
574 981 722 1044 sermonis
750 981 887 1044 indolem
917 981 1172 1068 percipiendam,
1195 983 1249 1046 sed

2 1115 3 1136 r
112 1077 197 1140 eliam
219 1077 265 1140 sd
286 1095 390 1142 mores
410 1077 591 1163 animosque
611 1077 790 1162 fingendus,
810 1079 851 1142 od
871 1099 974 1143 reram
995 1079 1251 1164 utilemqne'pbi·

114 1171 280 1256 lmophiam
314 1173 394 1247 sitae
427 1173 578 1260 huiusque
603 1173 701 1251 bene,
730 1174 892 1252 suaviter,
921 1173 1112 1260 tranquille,
1142 1187 1250 1238 secure

120 1267 331 1352 lnnsigendae
350 1277 448 1332 artem
469 1267 688 1345 inhibendam,
702 1279 733 1332 et
747 1270 785 1333 ad
806 1291 942 1335 umorem
963 1271 1112 1334 virtutum
1124 1270 1251 1332 odium-

116 1385 170 1447 que
188 1364 363 1441 ritiornsn,
383 1365 571 1449 argumentis
592 1365 800 1449 exemplisque
821 1365 1007 1451 propositis,
1035 1365 1252 1450 inspirandum

1 1451 2 1530 ]
113 1467 141 1519 et
168 1459 439 1544 concipiendum,
471 1460 633 1522 maximam
665 1462 794 1523 omniuo
820 1461 882 1524 sim
904 1459 1026 1522 babere.
1049 1459 1167 1524 Satires
1189 1461 1251 1522 ho-

110 1575 185 1616 rum
217 1562 385 1638 poetarum
416 1567 448 1619 et
478 1555 598 1619 Horatii
629 1556 823 1640 potissimum
856 1555 1026 1638 epistolae,
1055 1554 1252 1640 pulcerrimis

1 1717 2 1736 ,
110 1651 212 1729 iocis,
231 1655 415 1732 sententiis,
436 1653 620 1738 imaginibus
640 1661 672 1715 ιι
691 1653 968 1736 descriptionibus,
983 1653 1249 1736 praestantissimis

108 1750 352 1852 philosophiae,
379 1771 503 1814 moroan
532 1771 567 1814 ao
594 1751 673 1812 vitae
702 1750 895 1834 praeceptis,
919 1749 1047 1814 dirersis
1067 1750 1249 1813 facetiarum

1 1875 2 1930 }
109 1857 143 1910 et
163 1851 322 1912 sermonis
316 1833 527 1935 generibus,
549 1847 716 1910 muitarum
736 1869 862 1924 rernm,
881 1847 958 1909 scitu
973 1867 1036 1909 non
1057 1847 1158 1908 miuus
1178 1868 1253 1930 gra·

109 1951 222 2006 tarum
252 1969 345 2028 qnam
374 1945 518 2022 utilium,
550 1947 636 2030 copis
661 1945 814 2030 variisque
834 1943 979 2008 orationis
999 1953 1031 2006 et
1050 1950 1177 2027 poeseos
1197 1964 1254 2004 or-

108 2039 240 2102 tibus
230 2063 264 2104 sn
295 2041 507 2120 inveniendis,
541 2041 765 2126 disponendis,
799 2038 1021 2104 connectendis
1048 2047 1080 2100 et
1106 2041 1254 2102 ornandis

110 2136 233 2213 rebus,
264 2137 299 2199 in
330 2139 551 2200 sententiarum
581 2157 616 2200 ac
644 2137 812 2200 verborum
843 2133 987 2210 deiectu,
1019 2133 1201 2216 abundaut;
1221 2145 1254 2197 ιι

1 2313 2 2328 ¹
109 2229 230 2316 dignae
259 2233 389 2298 omnino
415 2246 504 2310 sunt,
526 2253 604 2317 quae
624 2232 664 2296 ab
684 2253 892 2316 unoquoque,
912 2233 965 2313 qui
987 2251 1050 2294 non
1072 2229 1165 2294 modo
1201 2251 1253 2292 ss-

114 2349 199 2412 pere
227 2329 294 2414 pios
321 2351 413 2414 quum
444 2329 547 2413 plebs,
580 2329 634 2392 sed
664 2329 790 2392 honeste
820 2329 912 2390 etium
940 2337 971 2392 et
991 2327 1125 2390 iucunde
1146 2327 1252 2390 vivere

1 2425 2 2440 ¹
121 2425 236 2508 cupit,
262 2425 421 2510 diiigenter
449 2448 485 2489 ao
517 2423 651 2490 studiose
671 2445 728 2510 per
747 2427 844 2486 totam
865 2423 957 2486 vitam
978 2421 1128 2506 legantur.
1148 2421 1254 2499 Quid-

122 2520 209 2602 quid
227 2529 321 2584 eutem
342 2521 410 2585 sitii
430 2520 479 2586 aei
500 2530 582 2586 aetas
604 2519 652 2584 rel
674 2529 834 2582 anctorum
855 2517 1004 2580 institutio
1024 2518 1061 2578 iis
1082 2516 1253 2600 adspersit,
1359 2561 1361 2567 -

116 2615 219 2679 facile
239 2617 269 2679 id
286 2619 401 2702 poterit
422 2618 510 2682 vitari
531 2639 595 2680 non
617 2625 737 2680 tantum
758 2639 774 2676 a
796 2615 887 2692 viris,
907 2611 1017 2698 quibus
1036 2613 1194 2676 subactum
1209 2621 1255 2674 ost

113 2711 273 2774 indiciam
294 2723 325 2777 et
345 2723 454 2799 pectus
476 2714 626 2798 sapientia
646 2713 824 2788 nunnitum,
845 2710 899 2774 sed
920 2710 1010 2772 etiam
1030 2729 1049 2770 a
1071 2708 1253 2785 iuvenibus,

112 2807 216 2871 modo
245 2831 311 2873 non
343 2811 453 2875 obtuso
481 2811 544 2874 sint
573 2810 698 2892 ingenio
718 2817 771 2870 ant
792 2807 895 2870 idonei
917 2803 1125 2888 praeceptoris
1145 2826 1203 2888 ope
1222 2815 1255 2868 et

113 2903 259 2966 consihis
278 2905 426 2968 destituti.
447 2904 541 2968 Levia
562 2925 684 2988 quoqne
704 2903 754 2964 illu
775 2902 848 2966 vitiu
869 2906 975 2984 potitae
996 2899 1110 2960 satirici
1123 2909 1169 2962 tot
1183 2908 1257 2962 tun·

1 3009 2 3016 ’
114 3001 222 3084 lisque
240 3000 443 3064 redemerunt
463 2999 630 3064 virtutibus
651 3009 682 3061 et
700 3007 786 3060 tanto
807 2996 897 3082 plura
919 2995 1053 3072 babent,
1072 3015 1150 3077 quaa
1171 2993 1255 3056 utilia

115 3105 148 3157 et
167 3097 356 3178 praeclara,
377 3119 469 3180 quum
489 3116 569 3182 qnae
588 3093 789 3178 vituperanda
810 3091 860 3155 vel
881 3089 1065 3174 ignoscenda
1086 3087 1237 3152 ιιΙιιιι
1207 3111 1257 3150 vs-

115 3191 189 3254 deri
210 3193 352 3276 possint,
373 3204 407 3255 ut
426 3193 493 3277 plus
515 3202 545 3254 et
564 3189 725 3276 voluptatis
746 3199 778 3252 et
799 3189 918 3250 tructus
939 3208 978 3250 ex
999 3186 1145 3260 illorum,
1163 3206 1256 3269 quum

116 3306 158 3347 ex
180 3285 316 3350 aliorum
335 3287 543 3370 scriptorum,
564 3295 629 3348 tam
650 3295 813 3360 veterum,
833 3303 925 3366 quum
954 3280 1180 3355 recentiorum,
1214 3277 1257 3341 le·

1 3443 2 3446 ,
118 3381 229 3444 ctione
263 3383 302 3444 ad
323 3403 379 3445 nos
399 3381 561 3445 redundet.
592 3383 787 3466 Quantopere
815 3377 919 3462 itaque
946 3397 998 3440 eos
1017 3375 1181 3451 Romanis,
1200 3374 1256 3436 illu

116 3497 201 3538 aero
221 3477 412 3552 viventibus,
433 3485 465 3539 ιι
484 3475 650 3560 placuisse,
674 3487 705 3538 et
726 3473 879 3559 profuisse
900 3469 1100 3556 putabimus?
1121 3473 1200 3533 Nam
1213 3491 1257 3531 sa·

116 3571 208 3634 tirici
229 3580 361 3656 potitae,
382 3572 438 3656 qui
458 3593 561 3635 mores
579 3572 759 3636 describunt
778 3568 890 3632 saeculi
911 3567 960 3630 sui
980 3587 1169 3652 suorumque
1196 3587 1258 3649 po·

1 3723 2 3746 ,
118 3667 280 3750 paterium
310 3677 343 3732 et
371 3667 561 3754 aequalium,
593 3669 705 3732 borum
727 3686 851 3750 qnoque
871 3665 988 3728 animos
1008 3685 1101 3747 quam
1124 3661 1257 3725 maxime

203 3763 248 3826 uli
295 3774 317 3828 t.

118 3783 376 3940 pmguidmiero?
396 3879 501 3926 nonne
521 3859 652 3924 nimium
673 3859 755 3923 risus
773 3857 1015 3942 facetiarnmque
1035 3853 1171 3940 pretium
1192 3861 1257 3932 est,

119 3951 148 4018 si
169 3957 340 4022 honestatis
360 3955 582 4043 probitatisque
601 3955 758 4040 impendio
780 3962 922 4018 constant
936 3952 949 4015 i
962 3955 1027 4014 Iam
1042 3948 1160 4013 dudum
1174 3949 1259 4012 enim

122 4053 236 4118 andire
267 4053 343 4118 mihi
372 4055 479 4120 videor
504 4056 594 4139 paulo
626 4055 792 4138 rigidiores
820 4073 942 4115 morum
963 4068 1104 4113 censores
1124 4045 1258 4130 graviter

121 4149 280 4214 obscoena
302 4151 354 4214 illu
367 4161 557 4236 ,tamquam
577 4173 629 4229 eo,
649 4173 729 4236 quae
743 4147 893 4234 pudorem
909 4146 1066 4211 offendant
1084 4151 1115 4206 et
1128 4151 1260 4205 noceant

120 4265 252 4336 suorum
271 4246 419 4323 ιιιιὶιιιί,
442 4247 638 4324 damnantes,
660 4255 692 4309 ιι
711 4246 861 4320 Persium,
883 4264 937 4328 qur
927 4237 1260 4321 sbiis,siqnartam

119 4341 287 4425 exceperis
320 4343 466 4418 satiram,
493 4341 699 4419 abstinuerit,
729 4339 859 4403 Horatio
890 4345 1052 4448 propterea
1072 4341 1104 4395 et
1123 4326 1261 4394 lurenaii

1 4425 2 4498 ἶ
117 4437 348 4507 sinemurus.
367 4435 485 4506 Veram
504 4439 589 4506 enim
608 4455 685 4510 raro
704 4435 787 4508 salsa
806 4455 856 4506 res
868 4443 935 4520 est,
955 4433 1075 4518 iamque
1089 4424 1179 4497 nutri
1191 4443 1261 4490 ιιι·
