3046 5498
835 793 882 846 DE

546 993 804 1088 SATlRlClS
835 995 1173 1094 Rolrlnottvlt

772 1221 946 1298 Ponrrs
1059 1211 1078 1230 '
1300 1195 1303 1204 '

293 1653 341 1790 ln
362 1728 521 1812 superiore
541 1719 796 1790 commentatione
816 1726 1022 1806 ostendimus,
1043 1728 1183 1790 Saturam
1208 1727 1272 1790 sivo
1287 1727 1421 1790 Satiram

292 1825 502 1888 Romanorum
537 1833 601 1884 tum
629 1823 826 1888 dramaticum
860 1825 952 1886 fuisse
979 1835 1043 1885 tum
1068 1823 1268 1900 didacticana,
1288 1833 1318 1885 et
1341 1824 1422 1888 hane

290 1922 353 1984 sire
389 1919 559 1980 Ennianum
592 1921 654 1982 sive
687 1920 886 1984 Lucilianum.
925 1919 991 1982 lam
1023 1920 1157 1983 breviter
1188 1919 1419 1982 recensebimus

292 2024 414 2100 poetas,
433 2015 487 2099 qui
508 2015 556 2078 vel
576 2017 711 2077 Ennium
734 2015 780 2076 vel
804 2017 954 2080 Lucilium
975 2017 1103 2094 imitati,
1122 2017 1260 2099 adeoque
1274 2015 1324 2081 vel
1337 2019 1421 2080 saria

291 2125 471 2198 argumenta
500 2113 638 2176 versibus
667 2113 836 2197 persecuti,
868 2113 916 2176 ael
948 2115 979 2174 in
1009 2115 1081 2174 vitia
1103 2114 1216 2176 saeculi
1235 2116 1282 2175 sui
1304 2114 1421 2178 invecti

290 2223 378 2284 sunt3
413 2219 444 2270 et
469 2209 559 2271 simul
579 2209 794 2285 ostendemus,
814 2229 906 2291 quam
928 2209 1012 2270 varie
1032 2208 1070 2268 ab
1091 2210 1125 2270 iis
1148 2217 1271 2271 tractata
1292 2212 1331 2272 sit
1351 2209 1420 2272 sa-

291 2307 350 2370 tira
371 2316 403 2368 et
422 2325 514 2387 quam
548 2304 679 2366 diversas
709 2303 781 2364 inda
808 2305 922 2386 species
949 2305 1093 2366 induerit.
1124 2305 1218 2384 Quod
1253 2306 1418 2369 consilium

289 2404 401 2466 vellem
431 2402 603 2462 accuratius
631 2399 736 2483 perfici
759 2411 877 2482 possut:
898 2401 951 2462 sed
972 2403 1107 2485 primum
1129 2401 1244 2484 duplex
1265 2402 1324 2466 hoc
1344 2423 1419 2464 car-

290 2500 407 2560 minum
428 2517 541 2579 genus,
573 2499 735 2580 praecipue
764 2495 972 2571 Lucilianum,
1002 2496 1086 2579 quod
1116 2497 1261 2580 gliscente
1289 2520 1417 2561 morum

288 2594 461 2678 corruptela
492 2594 547 2654 sub
578 2591 729 2654 malorum
758 2593 937 2675 Principum
966 2593 1125 2656 dominatu
1147 2605 1177 2657 et
1205 2595 1418 2678 indignatione

288 2712 410 2755 versum
432 2689 563 2750 faciente
585 2687 708 2760 (laren.
728 2689 764 2762 l,
786 2698 861 2768 79.)
884 2710 958 2771 prae
988 2690 1099 2752 ceteris
1131 2691 1265 2753 arrisisse
1286 2711 1349 2752 non
1370 2697 1420 2751 est

289 2786 373 2871 quod
401 2785 569 2856 miremur,
598 2785 766 2846 multorum
789 2784 983 2846 hauddubie
1004 2787 1125 2868 ingenia
1146 2787 1304 2861 exercuit,
1330 2809 1417 2870 quo·-
1514 2797 1515 2802 ’

289 2902 360 2942 rum
381 2880 480 2940 omnis
502 2877 657 2938 intercidit
678 2881 845 2952 memoria,
866 2877 977 2940 deinde
999 2880 1218 2962 plerorumque
1239 2889 1414 2964 poetaram,

290 2997 365 3059 quos
385 2973 640 3048 memorabimus,
660 2975 783 3034 nomina
804 2983 924 3034 tantum
945 2975 1031 3035 nobis
1052 2976 1236 3051 innotuere,
1257 2998 1318 3037 non
1340 2997 1415 3038 car-

291 3071 372 3132 mina
403 3090 527 3154 quoque
558 3068 663 3130 relicta
692 3078 784 3143 sunt3
814 3069 947 3153 denique
975 3070 1115 3132 novimas
1136 3071 1283 3153 quidem,
1304 3071 1340 3156 ab
1363 3071 1414 3133 his

290 3167 338 3231 vel
360 3165 418 3228 illis
437 3167 549 3228 Satires
570 3187 632 3228 esse
653 3167 801 3250 scriptas,
821 3167 873 3228 sed
894 3167 1068 3249 ignoramus
1088 3189 1195 3250 saepe,
1218 3177 1320 3230 utrum
1345 3169 1413 3228 En-

290 3265 398 3325 nianac
426 3263 541 3324 suerint
561 3261 650 3337 illac,
670 3285 709 3323 an
731 3263 960 3338 Varronianae,
991 3285 1030 3324 an
1058 3264 1249 3337 Lucilianae,
1271 3286 1309 3324 aa
1331 3263 1412 3325 adeo

287 3359 480 3422 dramaticus.
502 3361 578 3420 Rem
600 3380 721 3442 quoqne
752 3359 914 3420 turbarunt
935 3359 992 3420 riri
1014 3360 1117 3436 docti,
1138 3360 1191 3444 qai
1212 3359 1261 3423 vel
1283 3361 1314 3419 in
1336 3380 1411 3421 cae-

287 3477 353 3518 cam
376 3455 487 3516 molem
519 3475 696 3536 congessere
725 3453 860 3516 carmine
880 3457 1003 3532 omnia,
1024 3477 1101 3537 quae
1122 3455 1235 3516 satirici
1257 3453 1352 3538 quid,
1377 3455 1409 3516 h.

287 3574 314 3615 c.
334 3553 396 3614 sive
417 3549 544 3612 miscelli
573 3549 636 3613 sive
656 3549 785 3626 dicacis,
819 3551 985 3633 spirarent,
1006 3551 1055 3613 vel
1078 3551 1249 3614 recentiora
1273 3549 1406 3632 antiquis

286 3648 461 3708 auctoribus
491 3646 640 3720 tribuere,
676 3645 723 3710 vel
751 3668 784 3708 ea
813 3646 888 3708 adeo
917 3648 1083 3708 commenti
1104 3657 1190 3720 sunt,
1213 3667 1292 3729 quae
1314 3665 1407 3706 nemo

287 3743 416 3827 scripsit.
446 3741 554 3825 Neque
584 3741 822 3818 dissimulamus,
845 3764 901 3803 nos
929 3743 1008 3826 ipsos
1037 3743 1128 3803 etiam
1149 3743 1265 3817 vereri,
1289 3762 1344 3816 ne,
1367 3741 1407 3802 fi·

205 3863 207 3868 ·
286 3841 378 3902 nibus
397 3837 596 3921 terminisque
618 3837 697 3900 ultra
728 3860 819 3923 quam
845 3840 915 3900 satis
934 3841 973 3899 sit
1003 3839 1131 3921 prolatis
1162 3849 1193 3900 et
1223 3837 1325 3899 multis
1353 3838 1406 3899 di-

284 3937 439 4020 versisque
459 3936 650 3997 satiricorum
672 3937 842 3996 carminum
864 3935 1027 4016 generibus
1046 3935 1285 4018 coagmentatis,
1305 3935 1405 4018 impli-

283 4033 379 4094 catior
402 4033 480 4094 facta
500 4032 538 4094 sit
559 4030 721 4114 disputatio
740 4030 1022 4115 nostraQuidquid
1043 4051 1115 4093 vero
1137 4031 1178 4093 ita
1198 4032 1402 4114 peccavimus,

282 4128 426 4189 iuvenum
457 4147 545 4189 causa
576 4137 735 4209 peccatum
767 4135 815 4187 est
842 4147 939 4208 eoque
971 4125 1119 4204 consilio,
1149 4134 1183 4185 ut
1209 4123 1240 4184 hi
1260 4125 1401 4185 carnium

281 4229 439 4308 poetarum
460 4225 664 4299 Latinorum,
685 4223 740 4304 qui
759 4221 838 4284 inter
859 4221 994 4285 satiricos
1014 4221 1105 4304 vulgo
1126 4222 1304 4283 referuntur
1317 4263 1327 4296 ,
1342 4242 1401 4282 re-

280 4341 347 4383 ram
370 4318 506 4382 indolem
527 4329 716 4404 perspectam
738 4318 906 4395 haberent,
927 4330 977 4395 et,
998 4321 1116 4405 quoties
1138 4319 1247 4380 horam
1270 4317 1395 4381 nomina

280 4415 329 4490 sel
348 4415 524 4508 legerentur
544 4417 583 4484 ab
603 4416 640 4482 iis
661 4415 709 4486 sel
729 4415 923 4504 audirentur,
943 4426 1027 4484 recte
1047 4415 1086 4484 da
1107 4415 1143 4482 iis
1164 4414 1343 4480 iudicarent.
