3120 5494
791 402 927 463 Punstt

314 375 407 528 384

309 613 358 682 Et
375 603 575 682 Calabrum
595 603 844 682 coxit'vitiato
864 601 1007 676 murice
1026 598 1166 677 vellus:
1403 635 1438 686 ες

202 756 210 771 ·
309 727 411 800 Haec
432 724 585 798 baccam
603 718 769 796 conchae
787 720 933 808 rasisse,
954 734 992 791 et
1010 720 1197 820 stringere
1218 741 1332 793 venas
1408 781 1414 790 .

309 840 505 916 Ferventis
524 863 662 912 massae
680 833 800 910 crudo
819 833 867 908 de
885 831 1044 937 pulvere
1059 833 1177 908 iussit.

311 961 447 1032 Peccat
473 971 511 1028 et
530 953 645 1047 haec,
666 967 821 1056 peccat:
839 951 929 1026 vitio
948 966 1074 1024 tamen
1093 952 1223 1024 utitur.
1246 964 1285 1022 at
1303 973 1368 1025 vos

311 1075 444 1163 Dicite,
464 1067 673 1180 pontifices,
691 1071 732 1142 in
750 1092 857 1142 sacro
875 1065 969 1169 qnid
986 1063 1077 1140 facit
1095 1066 1264 1140 aurum?

312 1182 455 1294 Nempe
468 1191 540 1264 hoc
551 1183 658 1290 quod
668 1187 809 1260 Veneri
820 1184 982 1260 donatae
993 1212 1014 1256 a
1025 1186 1171 1286 virgine
1185 1207 1348 1286 poppae.
1406 1217 1458 1268 70·

199 1333 205 1344 ·
288 1363 292 1376 .
313 1309 415 1404 Quin
432 1305 561 1380 damus
579 1303 618 1379 id
636 1303 805 1408 Superis,
822 1299 869 1374 de
890 1326 1022 1404 magna
1042 1300 1149 1402 qnod
1168 1299 1259 1374 dare
1275 1297 1385 1373 lance

902 1526 987 1582 solum
1001 1527 1163 1582 adhibeatur.
1177 1527 1277 1582 Nititur
1290 1527 1335 1580 ille
1346 1527 1440 1582 virdo·

902 1611 1029 1666 ctissinms
1051 1612 1118 1666 Plio.
1137 1614 1170 1666 Η.
1194 1613 1228 1666 N.
1242 1613 1365 1666 XXXIV.
1376 1623 1438 1665 sert.

903 1701 945 1748 tts
960 1695 1004 1748 ubi
1028 1694 1127 1748 Plinius
1151 1694 1229 1762 diets,
1254 1696 1316 1748 serri
1343 1713 1440 1748 massas

314 1788 357 1842 Ius
374 1787 475 1858 proprie
491 1787 612 1859 pertinet,
625 1795 651 1838 et
669 1785 762 1838 eadem
774 1785 851 1838 satio·
902 1782 1028 1832 esionam
1038 1778 1102 1842 dici,
1120 1777 1249 1832 uocabulo
1262 1798 1277 1832 a
1288 1779 1440 1849 stringende

316 1889 350 1924 ne
364 1872 476 1941 positum
494 1880 533 1924 est
540 1909 550 1933 ,
569 1888 621 1942 qua
632 1887 711 1939 supra
724 1873 871 1939 conrupto.-
904 1863 957 1916 acie
977 1862 1087 1932 inposito
1094 1901 1104 1926 ,
1128 1863 1156 1914 in
1179 1861 1235 1914 aliis
1253 1859 1366 1914 metallis
1381 1865 1437 1914 stri·

353 1959 394 2006 66.
421 1953 524 2006 haecum
561 1951 672 2004 ooasbse
696 1969 757 2020 pro:
780 1949 854 2002 unio·
903 1960 986 2001 susae
1005 1965 1102 2002 nomen
1121 1966 1176 2000 non
1198 1946 1325 2000 adhiberi.
1339 1948 1438 1998 Verum

317 2055 379 2088 nem
397 2053 411 2094 e
428 2034 535 2089 concha.
552 2033 622 2087 Plin.
640 2035 673 2086 H.
691 2034 724 2086 N.
740 2035 792 2098 IX,
812 2038 852 2086 35.
901 2036 1024 2102 stringere
1035 2050 1110 2100 saepe
1123 2029 1238 2084 obcurrit
1255 2049 1316 2100 pro:
1331 2029 1439 2082 destrin-

318 2118 351 2170 de
376 2117 531 2178 unionibus:
556 2115 710 2170 Crasssmunt
734 2119 810 2168 etiam
826 2121 854 2168 r'u
903 2133 978 2186 gere,
999 2115 1151 2185 deoerpere3
1170 2133 1223 2168 non
1246 2114 1323 2168 video
1336 2113 1437 2182 inqu»,

316 2213 426 2265 serseetn,
438 2199 585 2271 concisisque
601 2199 788 2261 adhaerescunt,
807 2216 854 2250 nes
903 2217 950 2252 cur
969 2216 1022 2252 non
1039 2197 1131 2250 eodem
1151 2217 1226 2252 sensu
1241 2197 1267 2252 h.
1283 2195 1301 2252 Ι.
1322 2196 1439 2250 adhiberi

317 2285 358 2336 Iu's
378 2284 456 2335 avelli
476 2294 565 2352 queunt
582 2285 630 2334 nisi
642 2281 711 2334 lima.
726 2280 789 2333 inde
803 2299 849 2333 ex·
903 2281 1032 2352 potuerit,
1053 2299 1104 2352 quo
1125 2281 1284 2336 nostrornm
1298 2280 1438 2349 coquendis

318 2365 410 2437 plicsrl
434 2375 516 2435 potest
539 2369 637 2418 rasisse.
665 2364 852 2416 Obruebantur
903 2363 1016 2422 metallis
1034 2365 1139 2437 vulgare
1165 2365 1289 2420 verbum:
1316 2366 1438 2418 roseida.

319 2447 399 2500 etiarn
412 2446 523 2498 concisae
536 2445 563 2497 iu
578 2464 645 2498 uasss
658 2443 778 2498 fictilibus
790 2443 853 2508 sels,
905 2450 1033 2520 &ringere
1046 2471 1121 2502 venas
1126 2451 1251 2522 fervensis
1260 2450 1441 2502 maceratio

322 2549 374 2601 quo
387 2548 465 2584 carue
481 2529 555 2584 omni
572 2547 646 2582 erosa
658 2528 767 2582 uniones
780 2528 852 2582 deci·
904 2537 936 2586 de
945 2533 1043 2605 pubere
1059 2553 1108 2605 ego
1129 2536 1298 2604 interpretor:
1313 2542 1441 2587 autumet

318 2615 431 2680 debant,
451 2613 500 2668 hoc
517 2624 624 2668 testatur
640 2612 741 2666 Aelian.
754 2613 786 2666 de
799 2625 853 2668 nst.
904 2629 1043 2688 argentum
1056 2638 1071 2670 a
1083 2618 1171 2672 scoriis
1182 2619 1272 2686 (mado
1284 2617 1318 2668 de
1328 2617 1443 2686 μιὶνσι)

349 1539 391 1590 65.
416 1533 549 1588 Calabrum
568 1531 662 1597 vellus,
678 1491 770 1582 'lanam
795 1530 849 1582 Ta·

314 1618 469 1676 sentinam.
493 1635 559 1686 quae
581 1616 679 1686 optima
702 1613 851 1668 habebatur.

316 1733 349 1746 -
362 1705 454 1756 murice
462 1741 472 1766 ,
487 1719 609 1772 purpura.
643 1701 735 1753 ultim
747 1698 779 1752 sd
794 1697 849 1754 vel-

200 2771 208 2776 ·
317 2697 400 2752 anim.
413 2697 473 2760 XV,
490 2701 515 2750 8.
529 2699 693 2767 Quantopere
710 2695 739 2748 in
752 2715 800 2750 usu
817 2715 855 2750 es·
905 2701 972 2774 ignis
988 2719 1038 2771 ope
1054 2719 1171 2772 separare
1173 2740 1188 2780 Ι,
1201 2719 1322 2772 purgare.

320 2790 378 2834 sent
401 2779 511 2834 uniones
540 2778 608 2848 apud
639 2771 854 2834 Romanos'lieet
940 2785 1195 2840 supeccarestaes
1206 2761 1447 2854 sepultae-Ellam

320 2865 411 2918 uidere
432 2882 462 2916 es
483 2861 623 2932 exemplis,
641 2881 707 2932 quae
725 2861 822 2916 Plinius
836 2861 854 2916 l.

320 2967 342 3001 c.
360 2949 467 3018 profert.
486 2966 577 3013 venes,
599 2945 617 2998 i.
634 2965 656 2999 e.
680 2944 795 3000 metalla.
812 2949 853 3002 Iu·

320 3029 406 3088 vensi.
427 3033 480 3096 IX,
501 3039 542 3085 st.
563 3031 591 3086 h.
610 3029 628 3082 I.
647 3030 680 3083 de
697 3047 760 3086 auso
778 3042 853 3084 etar-

321 3125 399 3186 gento
418 3131 567 3167 sermonem
585 3131 639 3166 esse
653 3131 732 3166 nemo
744 3132 795 3168 non
810 3116 851 3167 ui·

321 3199 374 3253 det.
396 3201 439 3276 De·
453 3217 533 3262 auro,
551 3197 619 3269 quod
631 3209 769 3270 puteorum
778 3217 854 3252 scro-

320 3285 396 3340 bibus
421 3283 557 3346 effoditur,
575 3282 672 3355 legitur
697 3283 762 3352 apud
789 3281 854 3338 Plin.

320 3369 355 3420 Η.
372 3367 405 3420 N.
420 3367 548 3429 XXXIII,
561 3370 603 3419 tr.
625 3365 655 3420 V
652 3379 759 3437 agareus
771 3365 798 3418 1ιὶ
811 3385 854 3418 ve·

319 3469 408 3504 nomm
420 3452 520 3504 condes
530 3471 576 3522 per
587 3453 668 3504 latera
686 3463 815 3521 puteorum
831 3464 855 3504 et

320 3535 367 3588 tuo
384 3535 462 3596 illue,
478 3535 538 3586 s'rtde
556 3537 656 3586 noeane
668 3537 788 3597 invento,-
804 3535 853 3588 tel·

904 2866 1024 2920 homines
1037 2877 1154 2936 peccam,
1168 2885 1248 2937 eaque
1261 2866 1442 2932 committunt,

905 2949 969 3002 dum
989 2949 1034 3002 illa
1051 2950 1168 3014 faciunt,
1185 2967 1251 3018 quse
1268 2967 1408 3002 censuram
1428 2969 1444 3002 s

904 3033 1062 3103 sapientibus
1086 3044 1236 3102 merentur;
1268 3037 1329 3087 vitio
1357 3047 1443 3086 tensen

905 3121 992 3180 rusae,
1002 3128 1090 3170 tamen
1103 3116 1241 3172 utilitatem
1252 3116 1365 3186 aliquam
1376 3117 1439 3170 inde

905 3211 1074 3270 assequuntur
1098 3200 1226 3254 homines.
1251 3199 1350 3252 Similis
1379 3219 1440 3252 ora·

905 3285 983 3338 tionis
999 3283 1070 3340 color
1083 3296 1121 3338 est
1135 3283 1202 3354 spud
1221 3283 1337 3338 quenul.
1358 3287 1387 3346 1,
1402 3290 1442 3338 49.

940 3373 982 3423 69.
1000 3367 1227 3434 ct.1ovenat.x1‚
1241 3378 1285 3420 ttt
1304 3371 1439 3436 seqq.1›u-

905 3454 973 3504 cisra.
983 3451 1130 3522 Contempl.
1138 3453 1171 3502 T.
1186 3453 1239 3520 I.'p.
1250 3455 1308 3503 505.
1319 3449 1360 3502 ed.
1372 3450 1442 3502 Iteis.

905 3537 995 3589 senec.
1009 3535 1087 3605 Epist.
1101 3541 1142 3588 st.
1155 3549 1179 3587 et
1191 3548 1215 3588 ts
1227 3556 1323 3606 quoqne
1331 3537 1438 3606 ds'grssm

319 3619 767 3688 luslignes'soolwnuisssupsnds'tus.
780 3619 856 3689 Quod
901 3619 977 3690 finge
1001 3617 1067 3670 Deo.
1091 3616 1185 3686 Finges
1208 3631 1293 3669 autem
1312 3636 1363 3668 non
1381 3635 1442 3670 aare

318 3701 439 3773 effossum
453 3716 490 3756 est
505 3704 630 3766 tuudr'tsu,
644 3705 756 3767 lemur,
766 3708 853 3768 wius,

319 3787 421 3840 antino
433 3787 595 3857 informem.

354 3875 399 3922 67.Ἰ
409 3869 500 3922 illaesa
512 3880 551 3922 est
564 3869 649 3922 omnis
661 3871 856 3938 materia‚quue

319 3949 440 4020 coquitur
461 3951 489 4002 in
509 3950 619 4004 fornace.
634 3972 658 4004 v.
676 3951 745 4002 infra
763 3953 797 4016 V,
814 3957 854 4005 tt).

318 4035 373 4088 Sed
394 4035 526 4105 quaeritur
536 4075 544 4100 ,
555 4035 617 4106 quid
631 4038 665 4088 sit
676 4041 798 4106 strs'ngere
810 4055 853 4088 ve-

318 4121 495 4191 rsassesvents's
504 4138 599 4172 messae
612 4119 688 4172 mutio
700 4119 853 4189 depulsare?

906 3721 957 3756 non
972 3714 1093 3772 argento,
1110 3722 1161 3754 non
1176 3715 1256 3772 potest
1272 3721 1304 3754 err
1325 3703 1372 3754 bno
1383 3723 1439 3754 mn·

906 3789 968 3838 terto
982 3791 1068 3858 imago
1081 3786 1132 3838 Dei
1149 3788 1255 3856 exprimi
1271 3788 1369 3838 siculis.
1386 3786 1439 3838 Cn·

905 3874 960 3942 gite
978 3872 1053 3934 illos,
1077 3889 1150 3940 quiam
1171 3873 1275 3940 propitii
1291 3883 1386 3936 esseest,
1394 3871 1439 3942 fi-

906 3957 1074 4028 css'lesfuisse.
1088 3959 1115 4006 iu
1131 3973 1203 4006 sacro
1217 3955 1236 4007 i.
1250 3971 1273 4006 e.
1287 3955 1314 4006 in
1330 3952 1442 4023 templis.

940 4042 981 4092 70.
996 4029 1168 4100 §helmstan
1183 4036 1302 4092 Solebam
1315 4040 1440 4108 elegisses,

905 4134 1035 4202 autequam
1058 4121 1188 4184 nuberent,
1216 4123 1339 4191 quaedem
1362 4121 1440 4189 virgi·

318 4202 448 4272 Stringere
466 4203 632 4256 casaubonus
652 4202 850 4289 interpretatur:
903 4210 988 4257 rotatis
1011 4225 1069 4258 suae
1087 4208 1155 4258 εἰοιια
1170 4205 1200 4260 V
1198 4211 1265 4259 essert
1289 4223 1441 4258 rosumere.

316 4285 345 4338 in
360 4285 608 4350 massmannum,
626 4287 801 4355 Nostrumque
815 4284 851 4341 ait
891 4287 999 4341 ‚Nititur
1016 4287 1061 4340 ille
1077 4291 1200 4342 Varronis
1215 4287 1373 4342 testimonio.

316 4369 365 4424 boc
386 4370 464 4424 verbo
476 4372 563 4438 abuti,
577 4389 638 4426 oum
655 4369 716 4438 alias
729 4369 761 4426 de
777 4371 846 4428 serre

936 4380 977 4425 7t.
995 4372 1064 4426 Nihil
1088 4391 1149 4427 sane
1166 4374 1251 4444 potuit
1273 4372 1373 4426 ielis-ius
1394 4389 1438 4422 sa·
