3056 5490
323 391 418 489 422
627 373 630 389 ’
812 401 947 463 rnrrsu
997 449 1002 456 .

320 602 475 677 Grande
495 601 660 678 locuturi
680 601 838 678 nebulas
857 601 1040 678 Helicone
1057 601 1241 706 legunto,

320 717 359 792 Si
377 718 515 820 quihus
533 734 600 792 aut
617 706 804 810 Procnes,
825 735 890 794 aut
907 721 938 794 si
955 719 1096 822 quibus
1113 719 1194 795 olla
1214 720 1392 824 Thyestae

319 833 514 924 Fervebit,
532 859 643 938 saepe
662 833 805 910 insulso
823 833 1019 909 coenando
1038 833 1214 938 Glyconi.

320 953 380 1026 Tu
398 975 525 1052 neque
545 947 759 1042 anhelanti,
779 953 958 1056 coquitur
975 953 1064 1026 dum
1083 980 1201 1027 massa
1219 957 1371 1046 camino,
1393 993 1417 1042 ω

320 1063 429 1140 Folle
448 1069 588 1169 premis
609 1084 760 1157 ventos;
781 1093 875 1159 nec,
897 1065 1026 1143 clauso
1046 1095 1243 1144 murmure
1263 1097 1408 1161 raucus,

319 1184 457 1258 Nescio
474 1181 571 1288 quid
588 1200 713 1258 tecum
735 1211 847 1286 grave
869 1187 1076 1260 cornicaris
1095 1187 1241 1290 inepte,

320 1384 438 1458 undique
450 1379 571 1456 congesta
594 1393 620 1436 et
645 1393 798 1456 argumento
824 1385 857 1438 ad
946 1389 1051 1440 tO-ts.
1071 1385 1161 1458 Pergit
1186 1389 1327 1439 Cornutus:
1350 1387 1422 1440 Tnal

209 1523 211 1526 ,
319 1469 435 1524 taedium
452 1489 532 1540 usque
549 1467 664 1524 dilatato.
907 1466 997 1535 inepto
1011 1463 1123 1518 aliorum
1138 1470 1276 1538 po'e'tarum
1289 1475 1381 1518 tumore
1391 1467 1421 1518 ab

353 1560 378 1606 7,
393 1552 496 1606 Grande
526 1555 648 1620 hanuet,
673 1552 702 1604 in
728 1553 859 1608 eiusmodi
906 1546 1003 1599 horres.
1020 1547 1072 1602 Pro
1085 1547 1135 1601 hoc
1149 1547 1237 1620 posuit
1254 1547 1280 1602 id
1288 1547 1369 1618 ,quod
1388 1549 1418 1600 sa·

321 1637 482 1706 argumentis
496 1636 634 1702 retenturi,
640 1653 705 1704 quae
721 1655 746 1688 v.
755 1643 778 1688 3.
789 1645 815 1688 et
833 1643 856 1687 4.
906 1647 965 1682 cere
978 1627 1032 1694 illi,
1046 1628 1110 1682 dum
1124 1629 1332 1694 meditarentur,
1350 1639 1372 1683 et
1382 1649 1421 1701 qua

317 1717 448 1788 designata
464 1729 532 1774 eunt.
547 1718 646 1772 nebrdas
652 1756 662 1783 ,
677 1717 740 1772 tales
756 1717 857 1772 dictio·
907 1711 1006 1782 grande
1020 1709 1120 1782 aliquid
1130 1731 1159 1766 se
1176 1711 1344 1766 elaboraturos
1356 1716 1418 1783 proti·

317 1812 403 1856 necet
415 1800 547 1865 lloxralos,
564 1800 657 1871 quibus
674 1805 764 1872 potttee
782 1803 851 1855 anti·
907 1793 958 1848 teri
989 1793 1116 1848 solebant.
1155 1795 1241 1850 liuius
1268 1796 1420 1849 ostentstionis

320 1885 363 1956 qui
378 1885 417 1938 usi
429 1896 507 1950 sunt,
521 1886 567 1956 qui
580 1883 693 1951 llosculi,
715 1904 798 1960 quum
820 1886 858 1940 rei
907 1873 1000 1949 triplex
1013 1895 1095 1949 geum
1108 1881 1215 1950 posuit,
1234 1898 1314 1933 unum
1330 1897 1419 1942 eornm,

320 1971 427 2022 veritate
440 1964 628 2031 destituantur,
642 1965 708 2020 nihil
725 1967 774 2022 uisi
794 1968 853 2020 inu·
907 1959 951 2029 qul
964 1959 992 2014 ln
1007 1961 1159 2016 meditando
1172 1964 1253 2016 animi
1267 1963 1335 2032 quasi
1347 1961 1419 2015 tulate

309 2051 380 2104 'nem
397 2051 506 2120 speeiem
524 2049 664 2122 praebent,
688 2059 716 2103 ut
733 2051 853 2102 nebulae.
906 2053 1052 2100 aestuarent
1059 2068 1070 2111 ,·
1100 2043 1216 2099 alterum
1241 2064 1328 2098 earum
1349 2045 1419 2116 quise

319 2135 458 2198 Helicone,
480 2137 508 2188 iu
528 2133 697 2204 antiquorum
719 2139 856 2206 petitarum
906 2136 974 2180 totos
1000 2127 1028 2180 in
1043 2129 1208 2195 ,meditando
1233 2127 1417 2182 defixossimila·

319 2217 428 2287 scriptis.
907 2221 964 2263 rent
976 2209 1008 2264 ad
1021 2212 1204 2266 ostentandam
1220 2213 1339 2268 materiae
1351 2213 1415 2281 gravt-

354 2306 379 2354 8.
404 2306 429 2354 9.
452 2303 549 2354 Procne
588 2297 747 2354 Philomelae
772 2297 856 2354 filium
906 2299 986 2346 tatem
1001 2303 1027 2346 et
1043 2293 1242 2364 difficultatemy
1266 2297 1363 2348 tertium
1381 2311 1413 2346 ea·

320 2383 380 2453 ltyn
398 2387 501 2448 Tereo,
519 2393 546 2438 et
560 2383 654 2436 Atreus
672 2384 801 2455 Thyestae
821 2385 852 2436 h·
906 2393 979 2442 tum,
993 2375 1037 2447 qui
1051 2379 1100 2431 sibi
1118 2379 1183 2431 dum
1201 2381 1345 2444 scriberent,
1358 2378 1417 2430 rebe·

320 2459 368 2515 lios
379 2462 427 2534 ipsi
442 2465 507 2534 patri
520 2462 665 2517 coenandos
679 2461 804 2533 adposuit.
814 2464 855 2516 An
906 2469 1009 2514 menter
1021 2458 1163 2530 placerent,
1171 2459 1337 2533 superbosque
1347 2459 1417 2513 indae·

319 2545 466 2614 Neronem,
480 2547 524 2616 qui
535 2547 678 2618 Thyestem
693 2546 856 2618 rcagoecttam
907 2553 965 2595 rent
978 2541 1073 2597 vultus·

320 2630 392 2698 egit,
411 2640 484 2683 notet
507 2627 617 2694 Noster,
636 2631 747 2682 dubitari
764 2631 855 2684 saltem
942 2632 980 2680 ⁴0.
1006 2633 1047 2682 tt.
1065 2627 1105 2680 Ta
1130 2647 1209 2700 raeque
1231 2629 1351 2682 anbetmrti
1367 2625 1417 2698 salle

319 2731 393 2780 posse
405 2713 532 2766 existimo.
546 2715 598 2766 olla
611 2724 706 2785 spectat
726 2714 758 2767 ad
773 2733 853 2787 argu·
902 2714 996 2780 premis
1012 2723 1104 2765 ventos·
1118 2713 1251 2767 Premitis
1265 2723 1348 2772 veuls¹⁸
1359 2707 1416 2772 still‘»

321 2809 440 2850 mentum
459 2797 575 2865 tabulae,
592 2812 621 2852 ut
633 2799 700 2868 apud
720 2799 855 2857 Claudian.
905 2791 949 2861 qui
964 2791 1040 2858 fucit,
1058 2804 1088 2846 ut
1107 2793 1180 2848 sollis
1198 2805 1303 2849 ventum
1322 2811 1361 2845 seu
1375 2809 1411 2842 au-

320 2881 346 2942 l,
367 2888 429 2934 ut:
451 2881 588 2948 Thyesteae
604 2899 719 2948 mensae,
739 2893 765 2934 et
786 2883 855 2952 apud
905 2893 963 2927 rum
980 2875 1114 2947 adreptum
1127 2897 1219 2932 rursus
1229 2880 1333 2930 emittat.
1344 2873 1414 2927 Aule·

319 2963 406 3014 Horat
429 2961 456 3014 in
475 2975 530 3015 arte
553 2967 601 3016 94:
620 2981 696 3016 coeua
719 2963 853 3032 Thyestae.
904 2959 968 3012 lorti
975 2959 1056 3032 folle,
1076 2963 1194 3033 metaph.
1211 2981 1258 3032 pro
1270 2956 1417 3032 pulmonibus,

318 3046 352 3096 V.
366 3051 390 3098 9.
405 3047 521 3099 Fervebit
534 3045 647 3118 adposite
659 3045 691 3100 ad
717 3045 807 3098 ollam.
832 3053 854 3102 si
907 3051 1044 3112 totumque
1057 3043 1143 3115 simpl.
1159 3065 1222 3116 pro:
1241 3055 1269 3097 tu
1285 3060 1334 3096 non
1353 3037 1416 3093 anhe-

319 3129 403 3199 quidns
412 3131 524 3204 servetis
544 3147 609 3201 pro:
630 3149 644 3182 a
665 3129 758 3200 quibus
783 3129 852 3202 stylo
904 3124 959 3191 las,
974 3147 1027 3182 nou
1045 3133 1175 3184 aestuanti
1192 3142 1217 3184 te
1234 3127 1338 3182 similem
1353 3123 1415 3182 sacis,

319 3211 478 3265 tractabitur.
497 3213 635 3266 coenmrda.
659 3223 745 3266 manet
763 3213 860 3267 Noster
905 3213 966 3264 dum
978 3218 1090 3284 coquitur
1103 3233 1188 3270 massa
1200 3218 1304 3278 eanum,
1315 3206 1415 3263 ledum

319 3293 348 3345 in
366 3293 498 3366 allegoria.
520 3298 560 3348 De
580 3295 664 3350 ntimo
686 3309 779 3350 notum
803 3307 855 3350 ests
908 3298 1055 3366 argumenti
1080 3299 1233 3353 tractatione
1252 3301 1374 3364 occupatus
1388 3307 1414 3338 ts·

319 3379 411 3431 saltare
419 3381 538 3452 sabulum
551 3381 629 3437 ovid.
643 3381 722 3435 Trist.
741 3383 777 3434 11.
797 3387 855 3437 519.
906 3383 1046 3452 sumptum
1060 3381 1108 3437 hoc
1121 3403 1135 3437 a
1148 3383 1278 3446 metallis,
1298 3395 1356 3450 quae
1370 3373 1415 3445 igne

319 3473 345 3514 et
367 3461 484 3516 luvenal.
513 3465 612 3530 v1,63.
635 3467 727 3518 sabare
748 3467 857 3536 cyclopas
907 3461 1044 3534 liquefacta
1057 3467 1084 3519 in
1099 3467 1184 3520 varias
1205 3467 1300 3520 formas
1317 3458 1409 3514 lundun-

318 3549 407 3600 Horat.
416 3549 468 3600 Sat.
476 3549 496 3614 l,
515 3552 590 3614 sss,
604 3547 640 3600 sic
651 3551 741 3602 Graeci
750 3569 852 3620 quoque
905 3556 957 3600 tur.
988 3547 1114 3602 Nonnulli
1130 3550 1203 3622 sotle
1224 3565 1330 3620 munere
1347 3551 1414 3596 vetum

317 3627 450 3704 ὀρχεῖσθαι
458 3629 500 3684 τὸν
513 3633 613 3704 Europa
619 3669 630 3695 ,
647 3631 689 3683 τὸν
713 3633 835 3686 Karnaia
844 3673 853 3700 ,
903 3629 1033 3702 adcipiunt
1046 3651 1107 3704 pro:
1126 3633 1189 3686 solle
1203 3633 1312 3685 retinere
1331 3632 1413 3685 veul⁰³2

317 3713 423 3765 Lucina.
438 3713 470 3765 de
486 3711 575 3767 saltat.
588 3713 672 3784 posuit
688 3725 773 3767 autem
793 3735 854 3770 eoe-
902 3718 996 3770 lnllare
1018 3735 1059 3790 se5
1089 3737 1169 3790 quesn
1197 3729 1283 3772 umen
1302 3709 1412 3766 'musaeu

317 3795 403 3847 stando
419 3815 466 3865 pro
482 3795 654 3849 saltandaseu
669 3797 779 3868 agenda,
794 3800 855 3871 quia
904 3801 1038 3872 epitheton
1066 3804 1196 3858 arthetmrti
1224 3819 1275 3856 non
1299 3793 1412 3851 admittit,

318 3891 425 3950 utraque
440 3878 525 3933 litbulu
535 3882 603 3934 circa
611 3900 700 3934 carnes
710 3879 856 3936 liberorum
904 3905 955 3955 qua
976 3889 1055 3940 etiam
1076 3897 1130 3940 tota
1151 3883 1292 3940 similitudo
1308 3877 1411 3934 iuratur.

317 3972 400 4016 coctas
412 3965 578 4034 patribusque
591 3965 715 4034 adpositas
727 3977 856 4020 versatur.
903 3973 1032 4024 Cornutus
1052 3973 1123 4025 enim
1140 3984 1232 4043 negat,
1256 3966 1363 4023 Persium
1376 3977 1408 4010 te·

317 4049 406 4100 irtuelso
425 4047 544 4121 theorti.
567 4049 734 4120 Tragoedum
752 4051 851 4122 Glym-
903 4053 1023 4120 atnanti,
1038 4053 1152 4110 similem
1169 4053 1305 4118 anhelare,
1323 4048 1377 4100 dum
1389 4041 1410 4092 ln

315 4153 373 4194 nem
389 4135 538 4207 suisse,qui
553 4133 648 4206 populo
666 4133 732 4188 mire
746 4135 854 4206 placue-
902 4155 980 4208 opere
1005 4139 1161 4208 perliciendo
1183 4145 1315 4206 occsapatus
1330 4129 1370 4191 sit,
1388 4131 1410 4174 ul

315 4219 360 4283 rit,
379 4228 405 4270 et
418 4231 552 4289 propterea
565 4241 580 4273 a
596 4219 698 4272 Nerone
711 4223 853 4275 manantis·
902 4221 972 4275 follis
988 4221 1069 4276 soleat
1085 4223 1203 4295 adcipere
1217 4231 1242 4274 et
1258 4215 1356 4272 reddere
1370 4223 1407 4259 ¹¹¹·

315 4321 358 4354 sus
367 4303 409 4368 sit,
424 4314 509 4356 narrat
521 4303 675 4358 scholiastes
684 4303 719 4358 ad
729 4303 799 4359 hunc
813 4305 850 4359 lo-
902 4325 976 4370 ram,
993 4307 1056 4360 dum
1072 4307 1177 4361 metalla
1191 4305 1323 4377 liquefiant.
1346 4297 1406 4346 Cett-

315 4403 385 4438 cunr.
398 4387 505 4449 insulto,
524 4387 618 4457 ineptu-
902 4409 962 4444 nun
971 4390 1097 4448 Horatius
1107 4391 1196 4448 Persio
1205 4375 1400 4462 praetrttsatt
