3046 5498
400 833 481 911 GE.
499 833 646 914 ltux.
664 833 881 914 RVPERTI

314 1074 959 1218 runernrro
1052 1263 1059 1276 .

86 1839 255 2003 Primam
270 1919 475 1998 Iuvenalis
491 1919 709 2012 editionem,
722 1922 811 1998 meir
830 1922 933 2000 euris
943 1921 1211 2032 euntibusque

88 2040 236 2118 Friuthii
254 2041 368 2144 Lips.
409 2039 511 2114 1800
530 2036 742 2142 vulgatam,
761 2041 868 2116 ouius
888 2038 1119 2150 exemplaria
1136 2042 1213 2118 iarn

91 2157 211 2236 dodum
225 2155 434 2233 divendita
445 2173 556 2250 aunt,
570 2157 710 2262 exeipit
727 2179 833 2232 nuno
851 2157 982 2251 altera,
998 2157 1212 2263 gloriosius,

101 2305 191 2382 qoam
204 2273 368 2367 vellem,
391 2303 412 2348 a
432 2275 678 2380 redemptore
698 2276 779 2350 eius
800 2299 926 2382 nuper
944 2275 1211 2382 promulgato,

116 2393 270 2504 tmlonge
302 2391 386 2468 alia
405 2409 445 2468 et
464 2391 721 2482 emendatior,
740 2395 782 2470 in
811 2412 947 2495 quaet
974 2399 1122 2472 rotecui
1150 2398 1213 2470 in-

112 2513 261 2587 nomem'
276 2527 324 2584 et
344 2509 469 2586 adieci
488 2507 562 2613 †et
581 2513 740 2584 correxi.
779 2511 875 2584 Nom
901 2509 1021 2585 multa
1052 2503 1133 2586 tum
1163 2511 1212 2588 ab
1323 2557 1326 2568 ·

105 2626 174 2704 aliis
188 2624 483 2732 urnaliquando
500 2629 706 2732 meipso,
726 2628 988 2729 recognitione
1002 2653 1073 2734 per
1087 2629 1211 2704 otium

95 2747 223 2838 iterata,
240 2747 555 2823 animadversum
573 2747 643 2836 iri,
661 2771 761 2848 quae
783 2746 865 2820 iure
890 2747 1104 2852 meritoque
1125 2771 1214 2852 pos·

93 2881 160 2940 tent
175 2864 416 2971 reprehendi
442 2881 480 2938 et
499 2866 540 2937 in
559 2862 699 2966 quibus
718 2864 779 2939 vel
799 2868 1031 2966 grammatici
1059 2865 1210 2944 deside-

93 2998 220 3057 uretur
238 2982 437 3058 subtilitas
461 2979 522 3060 vel
549 2981 694 3072 critici,
715 3009 910 3086 nunquam
930 2983 1112 3062 dubitavi.
1133 2989 1211 3062 Ve-

97 3103 155 3172 ὼε
170 3115 329 3189 tamen,
349 3097 518 3200 aliquam
538 3115 664 3189 certe,
684 3123 787 3202 spem
810 3099 899 3172 mihi
921 3097 1036 3174 dabat
1054 3123 1212 3194 eorum,

101 3215 284 3319 quaemihi
312 3231 426 3291 erant
455 3213 749 3318 impedimento,
768 3231 807 3290 et
836 3217 946 3322 copia
976 3233 1015 3291 et
1034 3219 1210 3322 graviter.

94 3335 186 3426 Qnun
220 3331 395 3407 arduum
425 3335 526 3406 enim
550 3330 668 3406 fuerit
694 3355 879 3408 oonamen
908 3359 1055 3426 meum,
1076 3331 1137 3412 vel
1163 3359 1211 3410 er

84 3475 119 3524 to
142 3449 406 3553 intelligitur,
425 3449 530 3554 quod
549 3451 621 3526 viri
648 3449 752 3526 docti
782 3449 897 3526 nullis
929 3449 1212 3557 propemodum

79 3567 191 3668 poetis
227 3569 493 3643 Romanorum
512 3567 635 3640 minua
666 3591 806 3671 operae
833 3565 1073 3660 addixerint,
1094 3593 1211 3670 quam
1280 3625 1284 3632 -

76 3687 231 3760 satiricis
253 3701 298 3760 et
316 3685 523 3791 praecipuo
553 3707 686 3758 eorum
708 3683 966 3789 principibus,
997 3685 1165 3762 Horatio
1174 3700 1215 3760 et

105 3875 118 3898 ⁶
129 3867 191 3936 Quo
202 3865 296 3920 refero
308 3865 473 3938 potissimum
490 3865 688 3937 praefationem,
703 3865 785 3919 vitatu
797 3863 925 3920 luvenalis
937 3887 953 3924 a
965 3865 1092 3921 Salmrrio
1104 3877 1132 3920 et
1142 3863 1215 3919 Dod-

74 3945 150 4001 rrello
167 3949 361 4028 concinnatam
376 3946 522 4020 multasque
535 3955 561 4000 et
573 3945 725 4000 manifestat
738 3958 792 4002 tam
806 3945 974 4004 librariorum
988 3965 1066 4022 quom
1083 3947 1211 4019 interpre-

73 4042 126 4086 tr·
138 4031 328 4086 alternationes
342 4041 368 4086 et
383 4049 474 4104 nugas.

103 4115 121 4186 i
134 4117 166 4167 lu
180 4113 280 4184 primis
293 4112 559 4166 aimiiiaGrarcorum
567 4116 798 4186 Romanorumque
813 4115 970 4188 rcriptororn
983 4113 1041 4169 loca
1050 4124 1076 4170 et
1087 4113 1216 4188 quidquid

70 4195 132 4249 honi
151 4193 225 4248 inest
244 4205 304 4248 tum
317 4192 492 4272 aiugploribua
509 4191 605 4250 libellis
617 4211 701 4265 nuper
720 4193 812 4260 editio,
831 4207 888 4250 turo
910 4191 1067 4251 novissimae
1084 4193 1217 4250 luvenalis

69 4277 188 4334 ditioni
208 4275 292 4330 l’arit.
308 4281 382 4330 ⁴8¹⁰.
394 4275 531 4348 'vulgatae
551 4295 566 4331 ι
586 4275 625 4332 Cl.
640 4277 799 4344 Actutum,
814 4279 858 4352 qui
876 4295 931 4336 oon
943 4278 1025 4336 moda
1042 4277 1143 4334 rediret
1153 4295 1218 4334 mn.

31 4333 34 4422 l
69 4358 319 4430 mvoemparavit
335 4369 361 4411 et
373 4357 402 4411 in
417 4356 458 4410 his
472 4356 584 4432 optimos
597 4357 856 4434 antiquittltntuqut,
876 4361 922 4422 ted
936 4361 1046 4421 ineditae
1065 4360 1146 4422 tillut
1164 4357 1227 4430 Vn<

76 4439 201 4495 niumm
213 4449 294 4494 notu
307 4439 421 4498 inseruit
433 4457 545 4513 tuasque
560 4439 662 4496 adierit.

183 4591 270 4671 Jor.
294 4593 324 4669 Ι.
389 4559 392 4564 ¹
1094 4620 1113 4672 r
