3046 5498
254 353 364 464 ,xlvi
458 363 459 366 ‘
683 395 738 462 aa
770 393 983 464 tartaron

270 602 312 666 ito
332 599 429 674 mrdto
451 605 518 686 post
539 597 650 667 vixisse
669 599 812 680 ridetur,
834 611 866 666 et
886 601 926 666 de
946 623 1009 688 qno
1030 600 1107 665 hoco
1126 603 1294 668 memoriae
1316 625 1407 691 pro-

270 699 348 762 didit
369 698 544 762 Saeton.de
570 698 611 760 ill.
633 699 769 761 Gromm.
790 719 816 760 c.
840 699 871 762 5.
891 699 1115 782 Fecitpraeter
1136 706 1401 776 commentarios,

272 818 401 882 quorum
433 813 533 858 tamen
559 818 637 880 pars
669 798 814 856 nannieno
844 799 1013 878 intercepta
1042 795 1177 873 dicitur,
1209 813 1237 861 ct
1258 800 1405 863 Satiram

273 907 415 975 qrtoque,
429 895 462 954 in
481 913 543 976 qua
562 893 732 952 libertinum
753 913 784 950 se
804 913 842 952 uc
862 891 980 970 duplici
999 897 1178 974 cognomine
1195 915 1250 975 per
1270 896 1326 956 hoc
1348 897 1408 958 in-

274 990 384 1051 dicat:
418 989 533 1064 Saenia*
561 990 697 1048 Nicanor
728 989 832 1049 Marci
852 989 965 1050 liberta*
986 989 1128 1073 ›negabit5
1150 991 1267 1052 Saauiu'
1287 993 1407 1054 Postu·

230 1129 236 1144 .
275 1087 395 1146 mianus
414 1082 518 1158 idern,
536 1082 591 1142 sed
611 1082 735 1143 Marcu'
749 1082 875 1148 docebit.
1193 1091 1196 1096 ’

315 1179 361 1244 Ad
375 1179 533 1241 Enniaoae
547 1179 667 1240 Satisne
680 1177 909 1241 similitudinem
934 1180 1060 1242 accessit
1077 1184 1279 1245 Varroniano
1292 1225 1301 1257 ,
1323 1203 1406 1268 quoe

274 1286 376 1338 tamen
398 1297 462 1338 noa
483 1279 565 1336 varia
586 1283 705 1336 tantum
722 1285 816 1336 metro
831 1285 863 1337 et
876 1286 1079 1359 argumenta,
1096 1287 1127 1340 et
1140 1269 1217 1343 seria'
1231 1300 1300 1340 curo
1313 1279 1401 1352 iocis,

275 1373 328 1436 sed
349 1371 518 1455 pedestrem
539 1393 663 1454 quoque
682 1391 853 1434 sermonem
877 1393 947 1433 cum
971 1373 1089 1452 poetico
1110 1383 1162 1448 et,
1183 1383 1217 1436 ut
1233 1374 1400 1450 Luciliano,

277 1455 486 1535 Graecn'cum
517 1469 631 1532 Latinis
660 1469 790 1530 miscuit.
821 1468 1052 1548 Quintilianus,
1073 1472 1125 1553 qui
1147 1473 1178 1532 in
1200 1471 1401 1552 Inst.0r.X,

281 1591 339 1631 ms.
361 1567 410 1646 93.
430 1565 469 1626 de
489 1563 587 1626 Satira
608 1564 770 1626 Luciliano
800 1563 1025 1647 disputaverat,
1044 1586 1117 1627 mox
1138 1589 1162 1629 s.
1183 1567 1222 1650 95
1249 1567 1323 1629 hoec
1343 1568 1404 1630 ad-

279 1661 400 1744 iungit:
433 1661 574 1722 Alterum
595 1659 675 1720 illud
695 1673 738 1722 est
757 1671 785 1720 et
801 1661 890 1743 prius
910 1658 1036 1738 Satirae,
1049 1683 1141 1744 genus
1171 1659 1258 1733 (scil.
1286 1661 1404 1722 Ennia·

278 1779 365 1831 num,
385 1754 469 1838 quod
490 1753 642 1838 antiquina
663 1762 733 1830 cst),
756 1763 800 1829 (r)
821 1753 905 1837 quod
927 1775 989 1816 non
1000 1755 1067 1816 sola
1077 1759 1247 1818 carminum
1258 1759 1408 1820 uarietate

279 1854 353 1928 (sed
374 1851 465 1914 etiarn
487 1851 652 1923 orationis,
680 1869 788 1932 prosae
808 1861 840 1913 et
860 1853 997 1912 numeris
1020 1851 1199 1925 adstrictae,
1222 1853 1346 1916 Latinae
1367 1863 1402 1916 et

280 1951 439 2020 Graecae)
460 1949 592 2010 mixtum
613 1945 754 2007 coradidit
774 1945 818 2008 Μ.
841 1945 1005 2008 Terentius
1026 1947 1146 2021 Varro,
1169 1949 1215 2009 vir
1235 1949 1403 2010 Romano-

278 2067 349 2107 rum
369 2043 600 2106 eruditissimus·
618 2042 773 2104 Plurimos
793 2043 843 2102 hic
862 2042 955 2104 libros
969 2054 997 2102 et
1011 2041 1203 2106 doctissimos
1216 2048 1409 2127 composuit,

226 2128 228 2132 ,
275 2143 478 2228 peritissimus
497 2141 622 2222 linguae
641 2139 775 2200 Latinae
788 2152 815 2200 et
831 2141 931 2202 omnis
944 2142 1134 2222 antiquitatis
1148 2155 1177 2202 et
1191 2161 1291 2202 rerum
1308 2143 1409 2204 Grae·

278 2257 386 2300 carum
406 2251 655 2318 nostrarumque,
671 2236 744 2318 plus
764 2247 866 2296 tantan
885 2238 1029 2296 scientiae
1047 2236 1215 2300 muana:
1227 2259 1321 2319 qaam
1335 2237 1411 2300 ele-

280 2337 429 2418 quentiae.
460 2333 553 2412 Quod
581 2332 742 2394 consilium
775 2341 919 2416 sequutus
947 2334 985 2394 sit
1016 2331 1115 2395 Varro
1141 2333 1174 2396 in
1195 2334 1302 2397 Satiris
1319 2333 1414 2413 suis,

278 2452 358 2512 quoe
379 2439 410 2491 et
429 2430 502 2491 libri
522 2429 631 2512 passim
652 2427 801 2489 dicuntur
820 2438 852 2490 et
872 2449 1002 2513 quarum
1023 2452 1087 2492 non
1108 2430 1167 2492 ruisi
1187 2451 1410 2514 paucasnper-

278 2535 349 2587 sunt
368 2527 540 2608 fragmenta
559 2535 590 2587 et
608 2524 707 2600 tituli,
729 2525 793 2606 ipse
814 2523 980 2588 declararit
1006 2547 1055 2609 op.
1077 2523 1143 2588 Cic.
1165 2525 1259 2588 Acad.
1279 2528 1408 2606 Quaest.

279 2621 313 2694 1,
337 2643 366 2682 2.
388 2621 433 2682 his
453 2619 577 2684 verbis:
608 2621 693 2702 Quae
722 2641 811 2680 uento
832 2619 934 2682 adlruc
953 2621 1117 2695 docuerat,
1137 2643 1192 2684 nec
1212 2637 1301 2697 erat,
1320 2623 1409 2683 undo

277 2717 408 2778 studiosi
428 2715 666 2798 scire'posscnt,
686 2737 741 2794 ea,
761 2731 908 2800 quautam
927 2720 1014 2798 potui
1035 2718 1136 2790 (nihil
1165 2721 1245 2778 enim
1280 2739 1412 2802 magnu-

274 2822 348 2893 pere
374 2832 510 2874 uteorum
544 2814 682 2887 miror),
702 2812 793 2891 feci,
821 2827 853 2874 ut
872 2827 967 2874 essent
986 2827 1060 2875 nota
1079 2817 1212 2874 nostris:
1232 2833 1253 2874 a
1276 2815 1408 2877 Graecis

278 2911 360 2968 eninr
384 2909 446 2988 peti
468 2928 530 2967 non
546 2920 706 2990 poterant,
730 2930 768 2968 ac
785 2923 856 2990 post
877 2910 916 2970 L.
938 2911 1022 2970 Aelii
1042 2913 1139 2971 nostri
1159 2930 1303 2972 occasum
1323 2931 1362 2971 ne
1380 2929 1407 2970 a

264 3005 405 3066 'Latinis
424 3001 560 3086 quidem.
580 3005 620 3064 Et
641 3012 743 3064 tanuen
763 3005 797 3066 in
816 3005 879 3066 itta
899 3006 1041 3068 veteribus
1061 3007 1189 3079 nostris,
1211 3027 1309 3087 quae,
1334 3004 1412 3066 Ma-

279 3104 405 3182 nippum
436 3099 566 3169 imitati,
597 3121 660 3160 non
687 3101 893 3182 interpretati,
922 3103 1060 3182 qttadam
1080 3102 1237 3162 hilaritate
1257 3123 1412 3183 consper-

280 3198 393 3269 simus,
414 3193 511 3254 multa
531 3194 668 3256 adurista
687 3217 730 3255 cx
750 3197 861 3256 intima
878 3197 1089 3279 philosophia,
1109 3197 1207 3258 muita
1226 3195 1312 3257 dicta
1332 3195 1414 3256 dia-

280 3291 403 3352 lectice.-
426 3311 505 3364 quae
524 3311 584 3372 quo
594 3291 729 3373 facilius
750 3292 850 3351 minus
870 3291 955 3353 docti
978 3293 1197 3375 intelligerent,
1219 3292 1413 3354 iucunditate

280 3385 417 3470 quadam
449 3383 494 3444 ad
519 3385 679 3469 legandum
710 3388 847 3463 invitati,
874 3390 908 3448 in
937 3387 1185 3462 laudationibus,
1214 3389 1247 3448 iu
1274 3389 1313 3448 iis
1336 3387 1413 3470 ipsis

280 3481 501 3564 antiquitatum
518 3485 686 3564 prooemiis
702 3482 937 3564 philosophiae,
950 3484 1080 3546 scribere
1092 3485 1263 3558 voluimus,
1275 3485 1303 3542 ri
1315 3481 1412 3543 modo

279 3579 456 3665 consequuti
473 3599 590 3638 sumus.
610 3579 712 3639 Varro
733 3580 837 3660 itaque
859 3580 891 3640 in
913 3581 973 3643 hoc
994 3601 1088 3663 opere
1110 3601 1274 3642 numeroso
1288 3591 1320 3642 et
1335 3577 1415 3640 rnul-

281 3678 378 3762 tiptici
399 3675 544 3738 orationis
564 3695 749 3760 rerumque,
769 3697 807 3738 ex
827 3677 968 3738 omnibus
989 3677 1146 3740 literarum
1168 3687 1199 3739 et
1219 3677 1329 3738 artium
1356 3697 1413 3758 ge·

279 3775 404 3836 neribus
423 3771 661 3853 decerptarum,
683 3773 828 3834 uarietate
848 3774 1013 3855 conspicuo
1035 3772 1232 3856 philologiam
1247 3793 1318 3834 cum
1332 3771 1413 3854 phi-

279 3867 417 3954 losoplria
440 3868 645 3950 temperarit,
666 3877 697 3930 et
718 3867 848 3956 imitatus
871 3878 916 3931 est
936 3869 966 3929 in
988 3865 1144 3932 scribendi
1164 3887 1276 3950 genere
1289 3869 1412 3950 Menip-

314 4124 356 4190 (4)
373 4123 505 4174 G²⁵¹¹²f¹¹³
521 4119 553 4174 “l
568 4118 677 4186 Quintil.
693 4118 710 4174 l·
735 4118 752 4171 l·
771 4139 818 4191 12¹¹·
871 4137 956 4192 dicere
972 4135 1019 4202 iis,
1045 4155 1112 4208 quae
1134 4156 1155 4192 s.
1181 4145 1213 4193 93
1240 4137 1412 4212 disputaverit

281 4205 365 4270 tabat,
381 4210 449 4277 prius
468 4225 545 4276 gentas
562 4205 604 4258 hic
622 4205 671 4258 dici
689 4215 818 4275 praestan·
871 4237 966 4292 Fabiu,

282 4291 347 4355 tius,
370 4289 413 4342 vel
437 4288 501 4343 illud
524 4295 593 4360 prins
610 4307 639 4341 ex
665 4289 819 4360 compendio

282 4373 352 4428 vocis
365 4379 483 4447 posterius
499 4385 588 4427 ortum
606 4391 677 4438 esse,
702 4385 821 4428 nostram
1136 4437 1141 4448 Ι

282 4477 346 4526 vero
356 4457 599 4534 intepretationem
611 4457 707 4523 diserte
720 4468 824 4520 eontra·
875 4447 988 4520 ‘tnutum
1001 4455 1056 4498 ⁸³⁸⁸
1072 4437 1239 4507 ifi‘hd‘flstt·

967 4277 976 4302 ,
992 4238 1059 4308 qnod
1073 4237 1196 4310 equidem
1210 4257 1264 4292 non
1276 4254 1408 4310 assequor,

873 4355 933 4390 euro
948 4348 1035 4390 tamen
1049 4355 1102 4390 non
1127 4335 1187 4391 satis
1209 4339 1344 4412 perspicue
1369 4336 1410 4403 lo·
