3098 5498
552 439 715 502 samnis
748 440 824 502 vu.
1092 428 1095 432 ’
1148 411 1229 504 434

116 635 206 718 Non
223 635 339 714 habet
358 633 489 712 infelix
507 633 704 728 Numitor,
722 635 828 741 quod
848 641 969 714 mittat
987 641 1136 716 amico:
1232 633 1238 640 ’

116 753 453 865 Quintillaffluod
472 753 611 847 donet,
629 754 743 860 habet
754 783 763 845 ;
782 779 854 830 nec
874 754 997 831 defuit
1013 756 1095 856 illi,
1209 797 1241 848 7⁵

116 872 233 948 Vnde
252 889 395 948 emeret
412 870 531 946 multa
551 870 782 975 pascendum
796 897 911 947 carne
928 871 1079 950 leonem

118 987 199 1062 lam
218 986 424 1063 domitum:
443 1003 592 1060 constat
610 985 744 1062 leviori
765 984 877 1060 belua
898 983 1023 1062 sumtu

119 1106 329 1194 Nimirum,
348 1121 387 1178 et
405 1105 563 1207 capiunt
581 1100 669 1208 plus
687 1103 864 1177 intestina
883 1115 1030 1208 poetae.

173 1223 382 1298 Contentus
398 1218 496 1294 fame
514 1219 633 1293 iaceat
651 1221 825 1294 Lucanus
845 1222 885 1293 in
905 1219 1023 1296 hortis

122 1337 367 1414 Marmoreis:
389 1353 428 1408 at
445 1335 611 1410 Serrano
631 1337 817 1436 tenuique
836 1334 961 1412 Saleio
1208 1378 1243 1429 30

125 1450 257 1528 Gloria
275 1451 512 1555 quantalibet
531 1451 626 1556 quid
644 1455 738 1544 erit,
758 1455 787 1527 si
808 1450 928 1555 gloria
945 1469 1092 1530 tantum
1106 1463 1194 1535 est?

123 1569 303 1644 Curritur
320 1567 369 1644 ad
387 1593 515 1646 vocem
536 1567 740 1642 iucundam
759 1585 798 1642 et
817 1593 968 1643 carmen
988 1573 1128 1648 amicae

125 1683 365 1772 Thebaidos,
381 1681 518 1758 laetam
537 1683 629 1758 fecit
646 1711 765 1786 quum
785 1685 924 1760 Statius
943 1686 1078 1762 urbem

124 1803 379 1905 Promisitque
394 1799 507 1876 diem:
527 1817 632 1876 tanta
651 1799 855 1878 dulcedine
875 1821 1004 1910 captos

19 2000 26 2022 ὁ
126 1917 251 1991 Allicit
266 1915 333 1991 ille
351 1919 517 2024 animos,
535 1933 715 2021 tantaque
733 1915 889 1993 libidine
908 1917 1011 2022 vulgi
1215 1961 1247 2011 35

128 2032 315 2124 Auditum
334 2033 421 2124 sed,
441 2061 558 2136 quum
580 2033 693 2136 fregit
710 2033 887 2110 subsellia
905 2063 1035 2128 versu,

128 2150 281 2239 Esurit,
298 2151 475 2224 intactam
490 2147 617 2223 Paridi
637 2150 707 2224 nisi
729 2149 867 2228 vendat
882 2141 1046 2254 hgaven.

129 2263 202 2340 lllc
220 2283 258 2340 et
275 2263 428 2340 militiae
445 2263 570 2340 multis
589 2263 751 2368 largitur
770 2265 977 2360 honorem,
1104 2261 1107 2266 ⁵

131 2383 308 2457 Semestri
326 2401 452 2460 vatum
472 2381 609 2484 digitos
626 2381 863 2486 circumligat
881 2410 987 2459 auro.

133 2498 248 2594 Quod
257 2526 334 2574 non
347 2498 440 2573 dant
450 2524 627 2604 proceres
639 2553 648 2590 ,
658 2497 918 2575 dabithistrio:
931 2517 972 2575 tu
986 2502 1201 2577 Camerinos
1219 2537 1254 2587 90

131 2617 184 2691 Et
201 2619 356 2752 Bareas,
376 2633 420 2690 tu
438 2613 623 2690 nobilium
641 2641 775 2720 magna
795 2618 889 2690 atria
909 2621 1049 2694 curas?

132 2874 213 2930 codd.
227 2875 308 2930 Petis.
326 2873 393 2928 Illud
406 2871 497 2939 Vella,
512 2872 562 2926 hoc
572 2873 671 2927 Menci·
721 2876 796 2926 -27,
809 2877 850 2926 45.
863 2877 905 2927 49.
920 2875 1079 2930 ⁵4-57.60.
1092 2879 1134 2929 70.
1146 2870 1257 2946 ecemfia²

133 2957 220 3012 uellus
244 2969 270 3012 et
296 2958 412 3012 Lubinus
439 2958 590 3030 probarunt.
625 2956 672 3012 llle
719 2959 888 3030 antefecit
901 2975 956 3009 cum
968 2959 1010 3009 22.

133 3041 318 3112 interpretetur
329 3039 428 3094 tabulae
441 3037 564 3107 lusorias,
575 3040 672 3095 bivero
755 3044 798 3094 85.
811 3041 903 3094 Allicit
913 3024 1123 3094 laudaditflelns.
1134 3039 1165 3092 ad
1176 3037 1255 3093 ovid.
1302 3053 1305 3060 ·

135 3125 237 3179 tabulas
262 3125 421 3195 scriptorias,
448 3143 541 3196 easque
561 3121 631 3180 albas
651 3145 671 3179 4.
721 3140 751 3176 ex
766 3125 849 3177 Ponto
862 3125 908 3187 lll,
922 3122 1019 3177 35.eed
1031 3121 1187 3176 hauddubie
1202 3139 1256 3174 me-

131 3211 236 3275 actm,
253 3209 281 3264 h.
292 3220 450 3282 egypsates.
484 3211 582 3263 Neutra
597 3209 673 3263 lectio
722 3205 820 3259 moriae
834 3205 906 3258 vitio.

130 3295 275 3366 probanda,
287 3305 314 3349 et
326 3305 434 3364 utraque
449 3303 505 3348 orla
520 3314 551 3347 ex
565 3293 671 3365 vulgari
756 3296 799 3344 87.
813 3295 839 3343 ni
853 3291 946 3342 nun.
969 3287 1093 3342 Peridiae
1105 3287 1199 3341 vendat
1217 3295 1243 3339 44
1249 3329 1256 3341 .

132 3377 328 3450 pemrulatione
340 3377 475 3430 literarum
494 3377 525 3433 V
536 3387 562 3431 et
575 3377 620 3444 B,
639 3377 672 3431 de
722 3374 815 3429 vitiose
831 3393 878 3446 pro
903 3373 997 3427 Paridi
1017 3378 1044 3427 ni
1064 3373 1257 3444 rte-Agamus

132 3483 185 3536 qua
206 3483 233 3518 v.
250 3465 282 3516 ed
298 3463 347 3518 Sil.
361 3465 428 3530 Vlll,
445 3470 504 3520 473.
525 3473 551 3518 el
574 3471 672 3519 543.-
724 3463 765 3514 64.

132 3551 256 3621 pignoret
268 3553 310 3603 27.
328 3553 368 3602 48,
758 3543 797 3594 88.
820 3542 925 3594 honores
943 3539 1142 3610 ⁴5.-lergiuu
1155 3533 1259 3589 emend.

169 3641 212 3688 77.
236 3633 308 3686 dedra
334 3639 376 3687 47.
400 3637 556 3688 44164164.
585 3633 674 3706 Vulgo
724 3623 861 3688 Schrader,
877 3623 988 3676 offensus
997 3622 1136 3674 omissione
1149 3617 1260 3688 copulae

132 3719 227 3772 bellum
242 3737 268 3770 v.
282 3716 315 3769 ed
328 3719 374 3781 lV,
389 3723 447 3771 424.
724 3721 761 3776 et,
777 3725 855 3778 quam
869 3705 954 3778 potius
968 3705 1090 3758 excidisse
1106 3713 1164 3775 post
1178 3701 1260 3756 Seme-

171 3808 214 3857 78.
231 3805 330 3872 amimae
344 3807 385 3854 44.
725 3797 769 3847 etri
781 3792 841 3857 vel,
856 3791 925 3862 quod
938 3791 1026 3844 lacobs
1040 3798 1127 3858 putat,
1144 3797 1200 3857 post
1211 3786 1259 3837 ho·

169 3891 213 3942 79.
227 3887 308 3938 iaceat
318 3886 400 3957 sama
416 3889 459 3938 26.
474 3894 555 3936 taceae
578 3889 618 3936 44.
634 3884 674 3934 42.
725 3895 825 3943 norem,
845 3874 967 3946 suspicari
985 3873 1075 3944 possis.
1099 3869 1159 3924 Vid.
1172 3879 1262 3923 tamen

132 3973 168 4023 2³
187 3987 298 4040 am.pr.
309 3973 351 4021 24.
726 3960 758 4012 ad
774 3960 818 4018 1v.
834 3966 876 4012 63.

170 4057 215 4108 8⁰.
224 4071 249 4105 v.
264 4053 369 4104 Excurs.
380 4049 412 4103 ad
431 4048 457 4103 h.
472 4047 491 4101 l.
762 4043 916 4096 {semitiora
926 4037 1010 4090 midtis
1019 4037 1128 4107 largitur
1140 4035 1259 4088 honorem

171 4141 214 4190 8t.
232 4137 360 4188 romulides
380 4143 502 4185 tt-est
524 4149 576 4183 non
595 4137 677 4183 exstat
727 4125 883 4190 Semeetrem,
894 4135 979 4176 vanam
991 4131 1038 4175 cel.
1050 4117 1262 4174 emendllubeu.

135 4222 165 4276 in
182 4225 281 4274 42.46.
296 4223 394 4272 lomim
405 4219 489 4290 gloria
501 4229 594 4268 amcam
609 4219 652 4267 20.
728 4209 779 4264 Sed
807 4207 956 4278 exquisitior
978 4205 1084 4276 vulgata
1109 4203 1194 4256 lectio.
1228 4203 1265 4255 Vt

173 4311 215 4362 8³.
232 4307 302 4378 fecit
323 4321 397 4374 quun
416 4299 500 4372 recepi
521 4319 551 4352 ex
576 4304 617 4352 44.
637 4303 678 4352 45.
729 4292 842 4365 dignitas
856 4291 1034 4344 Tribunorurn
1052 4286 1183 4341 semestris
1195 4284 1245 4337 suit
1252 4323 1263 4349 ,

141 4397 185 4442 47.
200 4394 237 4442 tt.
249 4393 343 4442 teet.
356 4391 447 4440 47.48.
460 4389 501 4438 50.
514 4389 555 4438 58.
567 4387 677 4436 64-68.
729 4377 765 4433 ila
779 4387 805 4430 el
818 4377 930 4447 insigne.

140 4479 255 4531 44-44.
272 4492 328 4528 cum
342 4472 407 4545 secu
419 4477 459 4527 4ο.
475 4477 515 4525 tn.
531 4475 573 4524 ao.
589 4471 631 4522 2⁴.
644 4469 676 4520 2³
745 4457 803 4515 ’44
820 4463 918 4516 Barea
935 4463 974 4514 4ο.
990 4465 1029 4511 44.
1045 4459 1152 4512 44-45,
1167 4457 1208 4510 27.
1222 4455 1263 4505 44.
