3046 5498
801 814 848 877 DE
865 813 1011 878 nttnnst

694 939 1135 1123 summm

395 1254 598 1360 LVCILII,
625 1266 848 1364 HORATII,
872 1270 1029 1348 PERSII
1054 1269 1121 1346 ET
1157 1265 1421 1349 IVVENALIS

529 1513 669 1574 iRDOLE,
687 1515 791 1580 DEQVE
807 1517 930 1564 FRVCTV
946 1515 988 1560 EX
1003 1515 1111 1564 EARVH
1130 1513 1288 1564 mertone

804 1639 1014 1684 Penctrtsnno

345 2115 530 2222 Desieratis
550 2151 609 2212 iana
630 2149 720 2212 variis
740 2148 855 2212 Sutirne
877 2149 1030 2211 Romanae
1051 2147 1213 2232 generibus
1226 2149 1385 2233 pactisque
1400 2147 1476 2212 sati·

346 2255 419 2318 siclo
439 2249 574 2314 breviter
595 2245 760 2322 recensitis,
781 2255 927 2329 superest,
941 2255 974 2306 ut
994 2246 1106 2329 ¹horum
1121 2246 1293 2330 principes,
1315 2245 1474 2321 Lucilius,

346 2347 509 2422 Horatius,
540 2343 658 2404 Persius
678 2350 710 2404 et
730 2340 902 2415 Iuvenalis,
931 2338 1065 2402 intensa
1085 2341 1300 2419 conferantur,
1331 2361 1475 2424 quaeque

347 2445 444 2507 cuivis
463 2451 494 2503 et
513 2439 639 2500 virtutes
658 2448 690 2498 et
709 2437 780 2498 vitia
801 2437 863 2499 sint
883 2437 1027 2520 propria,
1053 2437 1241 2499 ostendatur.
1255 2445 1301 2510 (1)
1331 2435 1474 2520 Compa-

347 2539 426 2604 ratio
448 2537 499 2599 itta
520 2535 579 2596 iam
601 2555 617 2594 a
640 2531 742 2594 multis
756 2532 965 2594 estinstitntac
987 2531 1041 2594 sed
1055 2532 1116 2596 dici
1138 2535 1188 2596 rix
1199 2543 1316 2617 potest,
1336 2543 1477 2615 quanto·-

346 2655 422 2720 pere
441 2633 521 2695 inter
541 2653 594 2693 cos
614 2629 773 2711 discrepet.
793 2630 900 2713 Neque
923 2629 981 2691 hoc
1002 2629 1078 2691 adeo
1104 2631 1217 2692 mirum
1249 2629 1344 2694 videri
1372 2629 1477 2692 debet.

346 2731 441 2806 Num,
462 2737 496 2790 ut
515 2737 651 2800 taceam,
679 2746 749 2788 eum
771 2723 953 2808 plerumque
973 2726 1156 2810 scriptorem
1178 2725 1244 2789 aliis
1263 2724 1397 2788 eiusdem
1424 2747 1477 2808 ge·

347 2826 467 2888 nerisca
488 2823 575 2886 nobis
595 2821 761 2894 anteferri,
790 2821 878 2882 cuius
906 2821 1064 2903 ingenium
1086 2843 1248 2907 moresque
1269 2844 1340 2884 cum
1360 2822 1478 2883 nostris

348 2921 481 2984 maxime
502 2927 670 3002 congruant
689 2918 802 3000 quique
822 2915 900 2981 adeo
920 2917 1011 2979 nobis
1032 2919 1223 3002 potissimum
1245 2921 1277 2979 in
1293 2917 1407 2980 deliciis
1421 2919 1479 2994 sit,

346 3017 407 3088 riri
426 3014 509 3078 docti
529 3035 591 3076 non
622 3011 692 3074 satis
721 3022 874 3093 reputasse
907 3010 1071 3089 videntur,
1100 3011 1185 3074 illam
1215 3013 1478 3096 comparationem

345 3113 412 3175 fere
431 3119 526 3173 totum
547 3108 719 3193 penderes
740 3106 913 3170 diversitate
935 3117 1131 3192 temporum,
1161 3109 1375 3192 ingeniorum,
1399 3131 1480 3172 mo·

347 3228 418 3270 rum
437 3206 670 3289 studiorumque
690 3203 822 3266 cuiusuis
851 3212 967 3290 poetae.
1001 3207 1109 3268 Omnis
1129 3227 1201 3268 vcro
1222 3205 1387 3290 disputatio
1408 3205 1481 3266 flu-

347 3311 433 3364 ctuet
453 3323 575 3366 necesse
595 3311 661 3378 est,
685 3301 710 3363 si
731 3322 794 3362 non
814 3299 872 3363 nisi
893 3301 926 3362 in
949 3303 1124 3365 universum
1143 3324 1193 3366 res
1206 3301 1305 3386 aliqua
1326 3302 1359 3362 in
1379 3323 1482 3384 quae-

347 3399 476 3461 ctionem
498 3408 645 3473 uocatur,
666 3417 765 3480 neque
786 3406 869 3460 certa
900 3399 1097 3461 constituitur
1124 3398 1256 3462 formula
1287 3396 1482 3483 regulaque,

347 3494 387 3555 nd
409 3516 501 3579 quum
522 3492 634 3555 iudicia
654 3491 827 3576 exigantur.

389 3591 426 3652 ln
446 3589 571 3652 dirersis
592 3588 711 3651 Sotirae
731 3589 895 3673 generibus
916 3591 1152 3675 auctoribusque
1172 3589 1374 3654 diiudicandis
1395 3590 1483 3653 ratio

346 3684 509 3770 praecipue
530 3681 670 3746 habenda
690 3695 734 3747 est
754 3683 888 3765 saeculi,
907 3707 970 3770 quo
992 3693 1082 3769 poeta
1095 3689 1223 3772 quisque
1244 3687 1335 3764 vixit,
1355 3695 1386 3748 et
1407 3709 1483 3750 rno-

346 3805 418 3846 runt
447 3779 697 3865 studiorumque,
728 3803 805 3867 quae
836 3802 873 3844 eo
901 3787 1073 3866 viguerunt.
1104 3783 1229 3847 Nullum
1249 3785 1332 3844 euim
1353 3788 1486 3864 poitseos

347 3900 442 3964 genus
462 3889 525 3958 est,
548 3877 632 3964 quod
652 3877 747 3963 magis
774 3879 814 3941 sit
834 3876 896 3942 fitia
927 3881 1093 3966 temporis,
1123 3901 1216 3963 quam
1245 3879 1364 3957 Satira,
1398 3901 1486 3962 quae

383 4064 425 4131 (ί)
449 4064 488 4114 De
504 4061 591 4117 ff¹¹⁶¹¹¹
617 4081 648 4116 θ’
668 4061 784 4128 Hmffis
806 4063 887 4118 pmii
939 4099 995 4138 retn
1007 4081 1110 4156 proprie
1124 4079 1274 4153 spectantis,
1288 4080 1341 4134 sint
1353 4076 1427 4144 tatia,
1440 4089 1488 4145 nt,

348 4153 375 4196 et
403 4143 533 4200 luvenalis
562 4144 673 4201 lectione
700 4146 884 4219 percipiendo,

346 4247 426 4300 panca
439 4241 541 4286 tanturn
558 4233 628 4286 infra
641 4231 787 4306 disputavi,
804 4247 885 4304 quum

348 4312 381 4367 rie
389 4315 480 4384 potitici
488 4315 683 4372 studiiutilitute
695 4320 722 4372 in
734 4317 886 4373 universum

347 4397 402 4452 ἱππ,
432 4397 509 4454 mum
534 4411 652 4456 mum,
679 4412 756 4474 „plue
782 4402 887 4475 mppo„
937 4401 1000 4441 nrm
1012 4385 1189 4442 virtutihusac
1197 4385 1302 4460 propriu
1313 4379 1402 4440 indole
1416 4381 1492 4454 dixi,

346 4483 523 4560 prseceperint
549 4493 575 4544 ct
599 4483 735 4562 pleraque,
761 4486 794 4544 sd
811 4486 887 4550 illam
938 4487 1060 4572 colligere
1076 4489 1163 4564 possit.

938 4184 989 4238 nisi
1003 4186 1063 4257 quis
1077 4183 1216 4238 tardissimi
1234 4183 1267 4236 sit
1284 4179 1382 4254 ingenii
1394 4219 1403 4246 ,
1415 4177 1490 4234 haec

896 4312 898 4317 ·
937 4279 1014 4339 indie
1026 4303 1057 4338 ex
1069 4283 1118 4350 iis,
1133 4301 1199 4355 quae
1217 4280 1250 4336 de
1267 4286 1402 4354 podtsrurn
1423 4278 1492 4334 iilo·
