3120 5494
319 377 409 502 376

754 357 759 368 ³
806 405 939 464 PEllSll

366 612 467 684 Heus
479 603 760 709 agc,1·esponde:
775 607 969 678 minimum
980 620 1034 676 est
1047 601 1152 704 quad
1164 605 1259 678 scire
1270 603 1430 687 laboro:

313 729 369 800 De
388 727 475 800 Iove
491 721 589 825 quid
607 722 740 796 sentis?
754 737 859 796 estne
873 737 915 793 ut
935 743 1172 823 praeponere
1196 745 1308 794 cures

314 845 468 916 Hunc-c<
478 839 676 912 cuinamin
687 837 858 912 cuinam?
870 837 923 912 vis
936 835 1059 910 Staio?
1072 862 1120 908 au
1131 833 1274 910 scilicet
1285 827 1457 924 haeres,

277 1025 282 1038 .
315 961 406 1053 Quis
417 939 552 1062 potior
571 955 696 1046 iudex,
716 959 891 1059 puerisve
913 956 997 1054 quis
1016 955 1142 1056 aptior
1162 953 1295 1048 orbis?
1408 989 1448 1036 20

314 1079 396 1151 Hoe
414 1078 550 1177 igitur,
571 1101 649 1177 quo
669 1091 709 1146 tu
730 1075 825 1150 Iovis
846 1099 975 1145 aurem
993 1068 1182 1174 inpellere
1201 1087 1350 1162 tentas,

313 1194 384 1266 Dic
404 1192 565 1294 agedum
585 1191 709 1276 Staio:
729 1189 828 1292 proh
841 1187 1011 1292 Iupiter!
1031 1185 1189 1278 Obone,
1206 1185 1365 1276 clamet,

278 1323 290 1346 ⁸
315 1309 474 1411 Iupiter!
497 1325 535 1381 at
552 1333 630 1382 sese
649 1331 729 1378 non
749 1303 885 1377 clamet
905 1305 1050 1407 Iupiter
1068 1305 1176 1406 ipse?¹

317 1532 395 1574 noctu
418 1521 536 1574 adridere
561 1519 753 1590 hominemque
781 1536 853 1569 com·

316 1603 446 1658 maculare
459 1623 533 1674 posse
543 1603 725 1656 credebantur.

353 1693 462 1742 {7-23.
476 1689 531 1752 His,
544 1705 610 1757 quae
621 1697 773 1756 sequuntur,
780 1687 853 1754 po'e'ta

316 1771 399 1839 docet,
410 1773 480 1842 inpia
493 1771 632 1825 hominum
649 1781 709 1824 vota
723 1769 853 1822 Diisadeo

316 1855 417 1926 ingrate
445 1875 500 1908 esse
518 1856 613 1908 debere
625 1897 632 1922 ,
658 1865 687 1907 ut
709 1855 741 1906 iis
761 1853 854 1905 auditis

318 1939 425 2008 Iupiter,
438 1938 478 1990 vel
493 1939 660 2008 inpurisshno
673 1954 855 2009 quoquemor·

319 2021 409 2075 talium
431 2024 530 2086 iudice,
549 2022 754 2094 indignationem
771 2019 850 2071 rehe-

317 2107 507 2160 rurntissimam
520 2125 573 2158 nou
586 2108 619 2158 sit
632 2103 801 2160 cohibiturus.
816 2112 855 2157 47.

319 2191 396 2243 Heus.
428 2189 589 2262 llpos'trophe
612 2201 655 2243 est
688 2189 720 2242 ad
756 2188 854 2253 illurn,

321 2263 506 2346 quem'paullo
527 2285 586 2326 ante
605 2273 696 2344 inpura
710 2282 736 2324 et
752 2272 856 2326 sordida

321 2367 383 2411 vota
409 2358 465 2410 Diis
488 2357 626 2411 facientem
656 2358 747 2410 Noster
770 2356 850 2410 intlu-

321 2453 402 2494 xerat.

358 2529 399 2577 48.
412 2539 479 2577 estne
496 2525 636 2595 sc.lupiter
658 2524 704 2579 tibi
726 2525 810 2590 tanti,
828 2534 857 2577 ut

322 2607 460 2662 meliorem
488 2595 548 2661 erim
575 2609 705 2662 existimes
733 2621 781 2678 cet.
807 2607 856 2661 hoc

322 2694 394 2746 cuim
414 2692 561 2763 sIgnilicant
579 2691 640 2746 illas
661 2708 686 2746 ut
703 2711 857 2764 praeponere

323 2795 398 2828 cures.
417 2777 473 2828 Huc
496 2785 591 2845 spectat
618 2776 749 2844 superius:
775 2779 852 2826 mini·

322 2879 390 2910 mum
402 2872 452 2925 est,
466 2863 532 2928 quod
543 2862 604 2914 seire
617 2862 703 2914 laboro
716 2879 762 2916 seu
781 2861 856 2912 vehe-

322 2950 425 2992 menter
436 2944 525 3010 eupio,
541 2941 599 3010 quia
613 2941 695 2995 cnivis
707 2953 857 3011 promptam

322 3022 371 3074 erit
384 3022 546 3092 respondere,
558 3025 647 3077 lovem
657 3026 780 3080 omnihus
788 3043 856 3078 mor·

322 3105 417 3159 talibus
435 3126 489 3158 csse
507 3104 582 3178 longe
601 3107 738 3178 potiorem.

357 3197 367 3239 4
374 3190 490 3259 9.Hauc,
508 3195 606 3244 lovem.
623 3192 772 3262 Atlpellatue
793 3193 837 3245 ille
847 3235 855 3261 ‚

320 3277 443 3346 ignarus,
465 3293 517 3346 quo
543 3277 644 3329 Persius
665 3277 769 3343 tendat,
792 3279 856 3332 scire

321 3360 406 3429 cupit,
423 3359 485 3429 quid
504 3359 553 3412 sihi
581 3359 644 3414 velit
662 3360 723 3415 haec
742 3361 853 3416 interro·

320 3448 402 3514 gati05
424 3441 712 3515 continuo'interpcllat
732 3447 850 3501 Persium

321 3547 349 3578 er
366 3547 397 3582 eo
415 3537 553 3596 quaerens:
567 3531 687 3581 cultram?
706 3549 740 3582 se.
759 3551 853 3600 propo-

321 3632 383 3664 nam
411 3616 517 3682 lovem;
545 3627 570 3668 et
594 3616 706 3684 Noster,
724 3618 793 3686 quasi
808 3619 855 3670 cir·

319 3696 490 3766 mmspicicns
507 3708 533 3750 et
549 3699 753 3770 cogitabundus,
768 3719 855 3769 quem-

319 3799 381 3832 nam
404 3780 488 3846 dicut,
506 3783 600 3852 repetit
622 3782 706 3836 illud:
730 3790 852 3838 crusnam?

317 3863 362 3915 sed
377 3865 479 3926 statim,
504 3875 636 3934 tamquam
656 3865 721 3919 nolit
739 3866 850 3937 amplius

317 3943 469 4000 haesitando
488 3946 665 4001 adversarium
680 3949 786 4010 morari,
802 3948 849 4002 ali·

905 1535 938 1568 an
963 1517 1057 1568 scilicet
1080 1517 1166 1570 haeres
1183 1537 1217 1570 sc.
1235 1519 1264 1572 in
1281 1518 1446 1585 iudicando,
1482 1535 1487 1546 ·

905 1622 964 1672 pro:
985 1621 1017 1654 an
1032 1601 1116 1654 adhuc
1129 1603 1241 1656 incertus
1255 1605 1301 1656 es?

939 1690 980 1739 20.
1011 1685 1073 1756 Quis
1098 1691 1182 1756 potior
1203 1687 1293 1752 ludex,
1312 1694 1445 1758 panisque

904 1771 959 1840 quis
978 1773 1060 1840 aptior
1077 1769 1142 1822 ordis
1160 1790 1195 1824 sc.
1212 1773 1260 1834 sit,
1279 1782 1370 1824 utrum
1391 1774 1437 1823 lu·

905 1855 972 1924 piter
992 1873 1025 1907 aa
1044 1854 1138 1916 Staius.
1156 1855 1321 1909 Acerrimum
1344 1856 1444 1929 flagelli

905 1939 998 1993 satirici
1014 1941 1095 1992 ictum
1109 1940 1135 1992 iu
1151 1939 1247 1994 &aium
1260 1941 1391 2012 quendam
1400 1943 1442 1995 iu·

905 2023 999 2088 tendit,
1011 2023 1215 2078 homuncionem
1224 2025 1298 2078 nobis
1312 2025 1445 2097 Ignotum,

906 2109 1070 2177 connrplelae
1088 2119 1176 2161 autem
1190 2121 1216 2162 et
1230 2109 1392 2179 inprobitatis
1403 2111 1442 2162 ln·

907 2191 985 2246 samia
1009 2202 1070 2244 tuuc
1088 2190 1176 2246 forsan
1188 2191 1386 2246 nobilissimum.
1404 2197 1443 2245 lix

906 2274 1012 2327 historia
1031 2273 1203 2328 famosissima
1221 2276 1311 2330 iudicii
1338 2278 1442 2330 Iuniani

907 2369 1054 2412 mutuatum
1069 2377 1123 2410 esse
1138 2359 1255 2412 Persium
1269 2358 1334 2412 Stati
1343 2379 1443 2420 nomen

906 2439 1022 2492 indicare
1049 2440 1153 2494 videtur
1175 2441 1339 2506 scholiastes,
1370 2445 1444 2496 cuius

906 2523 984 2578 verba
997 2525 1022 2578 h.
1032 2524 1051 2578 l.
1065 2537 1190 2597 conrupta
1202 2537 1227 2580 et
1239 2527 1358 2582 mutilata
1373 2539 1444 2592 sunt,

907 2617 933 2660 et
949 2608 1117 2663 Casauhonus
1134 2629 1196 2662 eum
1213 2622 1316 2666 secutus
1335 2623 1381 2666 est
1396 2615 1446 2664 l'e·

908 2708 967 2743 rum
988 2691 1032 2745 ille
1053 2692 1129 2746 iudex
1150 2693 1216 2764 apud
1238 2696 1391 2748 Ciceronem
1405 2707 1446 2749 est

906 2775 937 2827 C.
953 2773 1088 2840 Scaeua,
1105 2789 1148 2829 aut
1163 2775 1291 2842 Staienus,
1311 2790 1340 2832 ut
1354 2778 1446 2833 aliile·

906 2865 981 2928 μοι,
1005 2875 1089 2930 neque
1105 2858 1207 2910 Persius
1221 2858 1287 2912 solet
1300 2857 1446 2932 longinqua

906 2949 995 3008 petere
1006 2949 1031 2992 et
1048 2959 1078 2992 ea
1092 2939 1233 3012 negligere,
1247 2961 1310 3012 quae
1324 2953 1385 2997 ante
1397 2963 1443 3014 pe-

908 3021 954 3076 des
973 3033 1043 3076 sunt.
1065 3027 1189 3076 Ceterum
1206 3025 1273 3078 ridet
1290 3027 1387 3080 Noster
1398 3025 1449 3081 hac

907 3104 1114 3178 interrogatione
1136 3107 1325 3162 dubitationem
1351 3109 1445 3162 adver-

908 3189 979 3256 sarii,
993 3210 1075 3261 quum
1096 3190 1178 3245 Status
1195 3194 1313 3246 omnium
1327 3193 1446 3248 iudicum

906 3275 1120 3344 conruptissimus
1133 3286 1159 3328 et
1167 3295 1306 3346 puerorum
1319 3277 1446 3331 orhorurn

907 3359 986 3428 pestis
1001 3369 1067 3411 esset
1076 3397 1084 3422 ‚
1099 3357 1206 3430 citusque
1221 3359 1345 3424 infamia,
1362 3379 1446 3430 quum

906 3441 961 3512 ipse
976 3441 1034 3496 lovi
1048 3451 1228 3512 componatur,
1247 3443 1275 3495 fir
1289 3441 1423 3497 illustrior.

942 3531 983 3578 24.
1011 3547 1059 3598 quo
1083 3538 1110 3578 tu
1128 3525 1195 3579 Iovis
1219 3546 1304 3579 ararem
1326 3529 1445 3599 inpellere

906 3609 1051 3661 tentatie.
1066 3619 1137 3672 vota,
1149 3629 1215 3678 quac
1229 3609 1284 3661 lovi
1303 3611 1387 3662 Iacere
1404 3630 1446 3662 au·

907 3692 960 3745 des.
973 3693 1095 3762 [repellere
1109 3695 1179 3744 enim
1193 3693 1224 3745 de
1238 3692 1322 3745 ventis
1338 3693 1443 3756 dicitur,

903 3777 999 3830 deinde
1026 3777 1058 3831 de
1086 3795 1172 3843 sono,
1198 3779 1244 3848 qui
1271 3797 1346 3832 aures
1370 3781 1444 3850 quasi

903 3863 972 3916 serit.

938 3953 979 4001 22.
998 3951 1061 4018 proh
1085 3949 1194 4020 Iupiter,
1208 3951 1276 4001 conl.
1287 3951 1376 4002 Ilorat
1392 3953 1443 4003 sn.

317 4050 397 4098 quem
418 4031 499 4086 veluti
520 4033 552 4084 de
571 4033 645 4086 turba
656 4044 754 4089 temere
767 4037 850 4087 nomi·
902 4032 933 4095 1,
955 4036 979 4084 2.
991 4040 1018 4084 ⁴7
1038 4052 1092 4102 seq.
1111 4031 1262 4085 exclamatio
1285 4053 1389 4087 assensu
1403 4033 1442 4086 iu·

317 4133 397 4179 trans,
418 4119 533 4184 quaerit:
555 4122 594 4168 vis
616 4115 709 4170 Staio?
731 4130 756 4172 et
770 4137 851 4188 quum

315 4196 457 4265 paullulum
475 4197 519 4251 ille
539 4199 671 4252 admirans
689 4203 805 4254 Persium
824 4201 851 4254 in

313 4281 391 4334 istum
406 4282 539 4346 lncIdisse,
554 4283 580 4334 in
595 4284 779 4353 respondendo
794 4287 854 4338 hae·

312 4367 344 4418 sit
359 4375 383 4417 et
395 4377 470 4437 urget
484 4366 559 4419 illum
574 4368 852 4440 Persiusqueercudoz

904 4114 1064 4190 dignationis
1079 4113 1209 4168 acerrimo
1226 4125 1291 4168 orta.

937 4205 978 4254 23.
993 4215 1019 4253 at
1031 4221 1080 4254 sese
1091 4221 1141 4254 non
1158 4201 1257 4254 clamet.
1277 4210 1326 4254 cet.
1347 4201 1442 4254 Nonne

903 4285 1059 4356 Iupiteripse
1070 4305 1170 4356 quoque
1182 4285 1361 4358 indignatione
1375 4305 1447 4338 com·

904 4379 991 4424 motus
1008 4367 1177 4438 exclamabit,
1194 4369 1286 4442 seipse
1301 4367 1447 4450 adpellans,
