3120 5494
304 821 306 828 ·
553 811 844 887 rnoouassvu
933 917 937 925 1

684 1041 729 1090 DE

328 1223 332 1232 ’
451 1234 710 1339 rsusu
753 1225 1003 1367 v1rs‚'

346 1477 529 1534 MORIBVS
555 1481 607 1534 ΕΤ
634 1481 864 1536 SCRIBENDI
888 1481 1060 1540 GENERE

141 1826 325 1928 Debellatis
344 1868 389 1922 tot
409 1859 560 1948 tantisque
579 1861 752 1924 nationibus
772 1883 790 1924 a
810 1863 955 1930 Romanis
969 1868 1120 1954 ,omnique
1142 1869 1262 1934 ratione

5 1982 8 1997 =
142 1955 303 2038 expilatis,
328 1957 463 2040 ingentes
489 1957 631 2035 divitiae,
651 1977 792 2042 quaeque
812 1979 850 2026 cx
871 1961 917 2022 luis
937 1963 1019 2026 nasci
1038 1963 1156 2040 solent,
1186 1987 1261 2028 avs-

142 2052 232 2128 ritis,
252 2051 372 2114 luxoria
391 2054 555 2138 omniaque
575 2055 718 2119 vitiorum
737 2075 867 2138 genera,
887 2057 1016 2120 Romam
1032 2059 1263 2146 conduxerant,

143 2145 256 2228 quibos
275 2147 397 2210 tandem
417 2149 555 2232 corrupti
582 2150 712 2212 victores
730 2159 763 2212 ct
781 2153 916 2214 enervati
945 2173 1068 2214 omnem
1098 2152 1263 2216 honestatis

143 2251 175 2302 et
193 2241 341 2306 libertatis
360 2265 481 2306 sensum
501 2243 578 2307 adeo
597 2244 784 2319 amiserunt,
817 2253 852 2307 nt
877 2248 1092 2330 gravissimum
1111 2250 1262 2312 seruitutis

144 2337 271 2420 iugum,
290 2361 307 2399 a
327 2339 509 2422 turpissimis
530 2339 681 2402 interdum
698 2339 873 2402 bominibus
893 2341 950 2404 sibi
972 2343 1153 2426 inpositum,
1166 2362 1263 2428 aequo

142 2432 247 2494 animo
266 2444 455 2517 paterentur.
476 2435 575 2498 Prisca
595 2435 648 2497 illa
669 2435 764 2496 animi
784 2434 963 2518 magnitudo
977 2447 1009 2499 ct
1030 2439 1179 2519 grauitas,
1201 2459 1263 2520 qna
1311 2469 1315 2478 ·

140 2529 270 2590 Romani
292 2540 409 2594 veteres
428 2530 558 2616 reliquas
579 2531 714 2593 nationes
734 2531 965 2614 praestiterant,
997 2531 1050 2594 rili
1069 2533 1159 2594 cessit
1178 2533 1261 2594 adu-

139 2623 246 2686 lationi
267 2627 438 2710 puerilique
458 2627 581 2690 leritati.
609 2626 730 2689 Etenim
751 2627 813 2708 ipsa
843 2625 1018 2710 frugalitas,
1051 2637 1148 2690 mater
1168 2649 1263 2712 paene

138 2719 278 2782 omnium
299 2722 468 2796 virtutum,
488 2719 597 2806 quibos
616 2741 729 2782 nomen
748 2721 919 2782 Romanum
940 2721 990 2784 rel
1005 2721 1105 2783 hostes
1122 2721 1261 2783 infestis-

137 2813 231 2875 simos
251 2817 283 2876 io
304 2816 351 2878 aui
371 2815 600 2878 admirationem
627 2825 791 2900 rapuerat,
823 2813 932 2896 opibus
953 2815 1037 2878 orbis
1055 2825 1207 2877 terrarum
1228 2817 1262 2878 in
1324 2897 1328 2906 .

138 2906 248 2970 urbem
269 2910 420 2994 congestis
439 2909 563 2993 expulsa
584 2908 660 2972 adeo
684 2907 826 2982 evannit,
854 2919 889 2970 ut
909 2907 940 2968 in
960 2909 1067 2992 paucis
1096 2905 1261 2968 admodum

137 3003 340 3082 generosioris
360 3003 490 3079 indolis,
513 3005 595 3088 qnia
611 3003 767 3066 communi
786 3003 931 3078 ritiorom
951 3001 1096 3084 contagio
1110 3003 1260 3064 intactum

137 3109 331 3163 servaverant
352 3101 508 3176 animum,
530 3100 651 3183 uestigia
674 3101 738 3162 eius
757 3106 960 3161 remanerent.
972 3097 1092 3160 Vmbro
1104 3095 1261 3173 libertatis,

137 3211 229 3274 quam
250 3197 400 3278 Augustus
420 3195 558 3268 civibus,
589 3195 683 3278 magis
714 3204 751 3260 ut,
776 3195 822 3256 sni
851 3191 945 3276 ipsius
978 3190 1085 3265 saluti,
1114 3211 1206 3274 quam
1227 3202 1261 3253 nt

137 3304 244 3346 eorum
264 3288 433 3350 commodis
447 3287 639 3364 consuleret,
662 3289 846 3373 reliquerat,
867 3283 1025 3347 aTiberio
1037 3285 1173 3346 funditus
1185 3283 1261 3346 snb·

136 3377 221 3459 lata,
243 3383 291 3462 (ι)
311 3383 463 3461 Romani,
484 3405 558 3446 cura
588 3383 901 3466 rerumpublicarum
930 3381 1065 3457 omissa,
1098 3387 1259 3441 couverte-

137 3474 214 3536 bant
247 3479 365 3542 animos
392 3479 431 3540 ad
457 3501 506 3542 res
527 3477 678 3564 privatas,
712 3489 802 3562 atque
821 3497 908 3538 amor
934 3476 1047 3557 patriae
1067 3474 1261 3554 studiumque

137 3591 242 3634 rernm
262 3576 471 3636 communium
491 3576 601 3637 sensim
618 3575 790 3658 sensimque
810 3572 1042 3653 exstirpabatur.
1075 3569 1180 3649 Quum
1200 3568 1261 3628 iam

138 3665 179 3727 ab
211 3668 302 3730 unios
322 3670 530 3734 benevolentia
551 3679 602 3732 aut
622 3670 734 3732 inuidia
766 3667 868 3729 omnia
899 3665 949 3730 vel
979 3664 1181 3750 exspectanda
1213 3661 1262 3722 rel

137 3763 272 3826 timenda
293 3775 411 3840 esseut,
433 3765 466 3827 id
481 3786 585 3828 omues
605 3765 752 3848 agebant,
773 3773 808 3824 ut
833 3761 1074 3845 quibuscumque
1087 3759 1177 3821 rebus
1193 3777 1261 3840 pos·

139 3869 226 3935 sent,
247 3861 377 3944 gratiam
398 3863 463 3924 eius
495 3869 737 3945 aucuparentur,
771 3877 870 3941 neque
895 3855 1062 3940 quidquam
1083 3853 1263 3916 committe-

140 3963 228 4030 rent,
250 3955 455 4040 quodminus
490 3957 535 4017 illi
564 3957 707 4040 placeret.
743 3955 922 4016 Delatorom
944 3972 1038 4035 porro
1058 3969 1187 4032 greges,
1207 3966 1263 4029 per

141 4048 260 4112 ltaliam
281 4073 448 4138 omnesque
469 4053 639 4136 provincias
659 4051 776 4134 spursi,
807 4068 871 4108 non
893 4048 970 4110 facta
991 4047 1090 4110 solum
1111 4055 1142 4107 et
1161 4043 1263 4120 diota,

140 4144 193 4208 aad
213 4167 251 4209 ex
271 4149 307 4212 iis
327 4149 418 4212 etism
439 4149 546 4211 intima
566 4148 658 4210 animi
678 4167 762 4210 sensa
783 4142 972 4208 rimabantur
991 4154 1022 4209 et
1041 4141 1089 4210 sel
1111 4139 1264 4206 domesti-

176 4361 220 4430 (t)
232 4358 316 4414 Tacit.
334 4355 430 4414 Annal.
446 4359 466 4412 1.
485 4362 532 4424 455
546 4363 596 4417 Dio
608 4361 676 4413 Cass
727 4355 786 4410 Tib.
802 4363 833 4415 37
843 4373 852 4430 ς
864 4359 990 4432 rumpas.
1003 4357 1041 4428 ll,
1058 4356 1073 4429 ς
1089 4361 1115 4413 9.
1128 4360 1162 4414 D.
1176 4355 1210 4414 ds
1222 4375 1263 4415 or.

144 4445 242 4510 tvm,
266 4449 309 4500 2⁰.
334 4443 370 4498 ibi
394 4461 420 4499 r.
442 4443 552 4512 dsiccar.
572 4447 677 4503 duston.
728 4441 780 4496 lor.
