3120 5494
337 445 520 506 asnnsnvs
558 450 611 508 nr
646 449 871 510 sunrona'ns
907 449 1080 511 cassas:
1165 417 1257 509 333

142 649 264 722 dicam,
286 645 439 730 iniquius,
458 666 549 730 quam
571 667 625 727 par
644 655 704 720 est,
724 655 876 719 versatur,
897 668 990 729 quarn
1011 648 1108 709 solum
1132 669 1193 711 noo
1208 650 1262 712 di-

143 747 259 804 ctiunes
278 741 331 805 sed
362 739 478 824 singula
500 761 595 822 paene
615 742 706 802 verba
735 742 887 816 rimetur,
913 762 990 824 qnae
1020 744 1143 826 utrique
1173 767 1264 806 cuns-

143 838 250 898 munia
273 837 406 909 l'neriut,
430 845 461 898 et
481 836 513 896 in
535 856 613 918 quae
634 846 761 920 uterque
775 847 882 920 sponte
895 837 1028 900 incidere
1043 840 1184 918 patuerit
1204 840 1266 902 Ve-

143 955 213 994 rum
236 933 333 994 Persii
355 925 480 992 imitatio¹
494 931 658 992 Horatiana
680 953 741 992 non
754 933 853 994 solum
870 933 900 992 in
915 932 1099 996 dictionibus
1112 944 1143 995 ot
1155 938 1266 1010 verbis,

141 1029 304 1092 sedetiam
328 1029 359 1087 in
379 1028 555 1102 sententiis,
575 1048 648 1109 quas
669 1049 723 1088 sno
749 1049 834 1089 more
855 1029 1010 1102 tractauit,
1040 1030 1197 1105 cernitur,
1227 1032 1264 1092 ad

143 1123 227 1206 ‹juod
249 1123 425 1184 imitationis
443 1143 541 1204 genus
572 1123 784 1184 casaubonum
809 1123 909 1185 minus
928 1123 1096 1186 adtendisse
1116 1127 1181 1188 iure
1202 1103 1278 1188 osi··¹

143 1221 231 1280 reris.
251 1221 322 1280 Non
343 1218 472 1280 dixerim
494 1228 594 1280 tamen
615 1239 685 1280 euru
718 1222 820 1281 omnia
841 1224 999 1280 satirarum
1030 1233 1207 1302 argumenta
1227 1244 1266 1286 ex
1481 1249 1496 1278 ο

143 1315 276 1378 lluratiu
300 1314 459 1390 sumsisse,
489 1315 645 1400 multoque
667 1317 765 1378 minos
787 1318 851 1378 loca
874 1317 905 1376 in
927 1315 1004 1377 illius
1024 1319 1122 1379 satiris
1140 1329 1172 1380 et
1194 1321 1266 1403 epi-

143 1411 230 1472 stolis
251 1409 464 1485 definiverim,
492 1411 601 1494 quibus
620 1411 704 1473 lectis
725 1413 827 1474 Persio
848 1413 879 1472 in
901 1421 1033 1473 mentem
1053 1414 1186 1492 venerit,
1208 1417 1266 1479 hoc

145 1507 194 1568 vel
216 1506 292 1567 illud
314 1517 527 1590 argumentum
549 1507 698 1568 detexere.
713 1511 779 1582 (ιὸ)
800 1510 883 1570 llaec
902 1528 975 1568 sane
996 1508 1113 1570 lubrica
1129 1519 1173 1571 est
1186 1512 1267 1573 iudi-

145 1603 235 1666 candi
257 1602 354 1676 ratio,
378 1623 415 1664 ex
437 1625 494 1685 qua
517 1603 605 1663 etiam
627 1625 660 1663 ea
681 1605 789 1686 cuique
811 1605 951 1686 scriptori
972 1605 1150 1665 subtrahere
1166 1607 1265 1685 liceat,

145 1719 225 1779 spone
246 1707 345 1765 laureo
367 1699 491 1780 propria
513 1696 576 1757 eius
596 1697 675 1771 sint,
707 1698 884 1780 neminique
904 1698 1070 1780 antiquiori
1089 1699 1267 1763 debeantur.

148 1793 212 1855 lstu
233 1795 324 1858 stando
349 1793 417 1877 quis
446 1791 623 1876 prohibeat,
656 1795 818 1876 quominus
850 1795 1007 1868 dicamus,
1035 1804 1065 1854 et
1096 1793 1267 1858 luvenaleus

146 1889 254 1950 Persio
274 1889 369 1950 multa
388 1887 572 1970 sublegisse:
594 1909 663 1948 nam
691 1889 715 1948 is
737 1909 860 1970 quoque
885 1889 992 1952 eodem
1013 1889 1136 1952 dicendi
1157 1911 1268 1972 genere

149 1985 269 2066 passim.
283 1986 397 2060 utitur,
418 2005 480 2067 quo
494 1986 614 2046 Persius
631 2005 701 2045 nsua
714 1995 779 2060 est,
799 1995 828 2044 et
842 1985 945 2046 eadem
961 1995 1139 2065 argumenta
1153 1977 1269 2062 tractat,

148 2101 227 2162 quae
246 2080 285 2140 ab
306 2080 358 2140 illo
378 2089 504 2140 tractatu
523 2089 605 2143 sunt.
626 2081 662 2140 ln
683 2080 773 2141 rebus
789 2080 960 2142 huiusmodi
983 2079 1181 2142 diiudicandis
1195 2103 1271 2143 sem·

151 2197 207 2258 per
226 2185 297 2236 anta
316 2176 421 2236 oculos
442 2174 552 2236 babere
571 2174 735 2250 debcoms,
766 2175 833 2236 fieri
865 2178 1018 2258 potuisse,
1056 2185 1088 2235 ut
1107 2179 1272 2258 scriptores

152 2270 259 2332 eodem
278 2291 418 2332 sermone
440 2272 483 2330 usi
505 2281 536 2330 et
555 2290 656 2350 neque
678 2279 849 2352 temporum
879 2291 978 2351 neque
999 2270 1137 2332 locorum
1157 2273 1273 2333 ratione

153 2387 221 2428 ase
241 2366 331 2449 lunge
359 2367 470 2429 diuersi
502 2367 532 2426 in
566 2367 669 2427 eadem
701 2385 790 2448 saepe
815 2367 997 2441 inciderint,
1023 2367 1149 2449 parique
1180 2370 1270 2428 uaudu

153 2461 260 2522 iisdem
282 2461 373 2523 rebus
393 2462 505 2526 adlecti
526 2461 834 2542 easdem-imagines,
859 2461 1006 2523 dictiones
1027 2471 1057 2522 et
1077 2463 1166 2522 verbo
1181 2462 1271 2522 adlsi-

65 2631 68 2640 γ
152 2554 298 2631 iruerint,
319 2557 495 2638 praesertim
515 2556 539 2616 si
560 2575 595 2616 eo
614 2556 760 2617 eiusmodi
781 2557 857 2630 sint,
880 2566 913 2616 ut
934 2577 996 2615 aon
1012 2575 1116 2616 recens
1136 2558 1271 2618 cnsased

152 2648 371 2712 consuetudine
390 2651 537 2712 sermonis
558 2650 617 2711 iam
639 2658 758 2732 recepta
778 2659 809 2712 et
830 2651 861 2713 in
882 2647 982 2712 medio
996 2649 1091 2732 posita
1112 2649 1203 2712 luisse
1224 2653 1271 2711 vi-

153 2743 296 2807 deantur.
1262 2741 1265 2748 ’

196 2839 331 2916 Verum,
351 2841 472 2925 inquis,
495 2841 550 2904 iste
571 2848 658 2925 poeta
680 2850 741 2904 tum
773 2842 862 2922 longe
883 2841 921 2902 ab
946 2861 1001 2918 eo,
1032 2861 1124 2924 quem
1153 2851 1272 2902 secutus

155 2937 273 3012 luerat,
294 2937 437 3013 relictus,
459 2939 491 2999 in
511 2959 574 3022 qno
594 2947 639 2999 tot
660 2949 802 3021 tantaque
821 2935 1050 3011 desiderantur,
1071 2957 1145 2997 num
1160 2936 1272 3018 dignus

155 3043 221 3106 est,
240 3036 292 3116 qui
314 3034 458 3117 legatur?
486 3034 600 3117 Vtique
620 3034 730 3116 dignos
756 3043 817 3108 est,
845 3043 875 3094 et
895 3033 1079 3115 uoluptatem
1100 3034 1168 3104 eius
1185 3032 1272 3093 lectio

155 3128 361 3210 suppeditabit
379 3137 410 3190 et
430 3128 597 3190 utilitatem.
617 3129 696 3189 Sunt
713 3130 794 3190 anim
809 3128 873 3189 luca
894 3127 1041 3209 quaedam
1057 3128 1086 3187 in
1101 3126 1161 3187 illis
1174 3128 1273 3187 satiris

155 3224 228 3284 satis
247 3223 325 3285 bene
344 3233 490 3299 tractata;
521 3224 635 3286 incidet
655 3224 750 3284 lector
780 3225 811 3284 in
844 3225 986 3305 imagines
1008 3233 1038 3284 et
1064 3222 1275 3283 similitudines

157 3339 250 3401 novas
269 3329 301 3381 et
329 3340 391 3379 ooo
411 3319 542 3402 ineptam
574 3318 783 3400 deprehendet
804 3340 902 3378 mores
923 3330 953 3380 ct
972 3319 1091 3400 ingenia
1115 3318 1274 3377 hominum

156 3413 300 3475 adcurate
320 3415 485 3486 delineata;
521 3414 687 3484 naovebuot
714 3416 778 3475 eius
798 3414 936 3474 animum
951 3413 1115 3475 sententiae
1135 3413 1275 3472 inlustres

158 3517 190 3570 et
209 3529 330 3591 gravem
353 3511 555 3572 ostenduntur
577 3511 626 3570 laio
640 3521 670 3570 et
691 3510 751 3569 illic
773 3510 883 3589 ingenii
909 3509 1046 3590 igniculi,
1082 3509 1133 3590 qui
1155 3506 1275 3568 deside-

50 3661 52 3666 .
159 3605 239 3664 riuus
260 3605 457 3669 adolescentis
478 3613 667 3687 praematura
690 3613 786 3664 morta
811 3604 908 3683 erepti
928 3604 1113 3666 excitabunt.
1148 3603 1276 3684 lpseque

162 3699 284 3760 virtutis
303 3721 390 3762 amor
410 3701 588 3784 pietatisque
607 3715 728 3773 sensns,
744 3700 796 3780 qni
819 3700 930 3782 ubique
944 3697 1129 3771 ostenditur,
1149 3695 1277 3769 efficiet,
1302 3717 1303 3722 ¹

164 3804 197 3856 ut
216 3805 323 3858 auctor
342 3796 429 3858 nobis
448 3797 606 3880 probetur,
627 3795 742 3857 etiamsi
764 3795 906 3856 facultate
928 3795 1042 3877 poetica
1064 3794 1163 3854 minos
1176 3790 1278 3852 fuerit.

200 4061 259 4129 (⁴⁸)
276 4059 374 4112 ΛΜΝ
391 4056 570 4128 di³P²¹¹¹¹¹l⁰¹¹l¹
585 4057 695 4109 Germ·
750 4077 833 4126 -295
842 4094 852 4136 3
868 4071 898 4124 ad
914 4080 1028 4141 quartam
1046 4069 1137 4123 saltem
1158 4085 1189 4120 ex
1206 4080 1279 4138 parte

167 4143 239 4198 nicae
252 4142 287 4196 de
299 4145 332 4197 A.
346 4141 432 4196 Persiu
445 4141 587 4205 existimat,
604 4141 636 4193 sd
649 4142 699 4210 pri·

167 4245 240 4280 marn
269 4226 373 4279 satiram
399 4224 561 4279 scribendam
584 4224 700 4278 Persium

169 4311 309 4368 adductum
331 4328 386 4363 esse
404 4327 449 4380 per
469 4312 559 4363 Hom·
576 4307 654 4377 Epist.
672 4307 699 4368 Ι,
751 4270 803 4320 Sat.
818 4271 856 4331 ll,
870 4276 893 4320 7.
912 4265 987 4320 Plura
1002 4266 1079 4318 etiarn
1089 4275 1194 4319 exserta
1206 4264 1281 4317 satira

170 4401 221 4462 ⁴9,
239 4397 321 4460 11‚9t
342 4411 428 4464 seqq.;
446 4391 478 4446 ad
499 4391 637 4445 secundam
657 4408 702 4458 per
750 4365 782 4418 ’ἀ
806 4363 888 4438 ΕΡΜ·
910 4366 935 4430 ¹2
956 4369 980 4418 2·
1009 4369 1150 4418 ¹¹15*⁴98·
1173 4361 1283 4415 s⁰f¹¹¹tl³

170 4478 251 4549 Epist.
265 4480 291 4545 l,
316 4486 354 4534 47.
377 4483 414 4532 57.
429 4487 456 4532 et
473 4475 548 4536 Satis.
562 4477 599 4542 ll,
614 4483 636 4529 3.
652 4477 697 4528 tet
756 4485 807 4522 usse
821 4475 898 4536 potat.

750 4187 796 4238 per
823 4168 903 4238 Epist.
929 4171 955 4231 l,
977 4173 1022 4236 ⁴65
1044 4165 1076 4219 ad
1101 4165 1216 4236 quintam
1236 4183 1280 4234 per
