3056 5490
551 408 699 468 st'rtne
737 409 775 466 V'.

1130 397 1222 528 429

104 611 243 685 Nostra
264 607 324 684 vel
342 606 491 709 aequali
510 605 705 712 suspendit
725 622 895 709 tempora
913 605 1027 680 Libra

104 729 223 800 Paroa
240 741 352 799 tenax
372 727 450 800 veri
464 751 557 816 ,seu
577 741 665 798 nata
683 720 858 798 fidelibus
878 723 971 798 hora

105 841 247 919 Dividit
266 844 306 917 in
325 829 725 918 Geminos'uoncotdia
745 839 820 915 iate
840 839 1024 927 duorum,
1106 897 1110 915 ,

103 957 385 1060 Saturnumque
406 983 554 1060 gravem
572 975 702 1033 nostro
719 950 807 1034 tote
827 954 1034 1057 frangimus
1053 981 1141 1028 tino.
1189 987 1222 1037 50

103 1075 240 1149 Nescio
249 1075 368 1178 qnod,
380 1092 482 1148 certo
500 1090 566 1166 est,
580 1073 687 1178 quod
701 1101 758 1150 me
771 1072 840 1147 tibi
851 1090 1049 1176 temperat,
1062 1085 1215 1148 astrum.
1257 1143 1260 1151 ,
1301 1139 1303 1142 ,

156 1190 261 1266 Mille
280 1192 473 1268 hominum
493 1194 658 1296 species,
678 1207 716 1266 et
736 1217 863 1265 rerum
883 1188 1048 1266 discolor
1069 1217 1170 1266 usus.

105 1305 215 1382 Velle
233 1334 342 1384 suum
360 1313 498 1412 cuique
515 1326 590 1396 est,
609 1335 680 1383 nec
702 1325 789 1384 voto
806 1310 942 1383 vivitur
961 1333 1050 1382 nno.

141 1524 249 1580 47-49.
263 1521 317 1574 Sub
331 1519 425 1573 eodem
438 1521 523 1574 sidere
536 1521 588 1574 nuti
603 1539 642 1574 sn-
692 1520 738 1574 snb
752 1539 805 1593 qno
819 1521 878 1592 quis
891 1522 1026 1592 signorum
1040 1519 1141 1574 Zodinci
1158 1530 1224 1572 esset

105 1629 181 1676 mus,
198 1603 241 1658 vel
252 1605 300 1658 sub
310 1605 387 1658 Libro
399 1604 440 1658 vel
455 1605 502 1658 sub
512 1606 644 1670 Geminis5
693 1617 783 1667 natus,
795 1605 827 1658 ub
842 1603 912 1657 illius
923 1605 988 1674 signi
998 1615 1088 1655 natura
1100 1618 1124 1658 et
1137 1605 1224 1656 indole

107 1693 157 1745 hoc
170 1709 230 1744 cum
237 1697 328 1740 ornatu
340 1689 506 1742 enuntiatum
515 1698 559 1741 est.
570 1689 643 1742 Prius
692 1687 806 1741 colorem
821 1688 899 1741 unimi
922 1689 1050 1750 traheret,
1069 1700 1098 1740 ut
1116 1707 1129 1738 n
1148 1689 1223 1739 Libra

107 1779 162 1828 sio:
183 1773 209 1828 V
212 1775 237 1824 el
254 1772 339 1824 Parca
354 1785 428 1824 tenax
448 1775 503 1822 ueri
521 1773 643 1840 stupendis
692 1775 861 1841 aequitatem,
888 1791 901 1823 n
924 1771 1043 1823 Geminis
1069 1791 1224 1840 propensum

107 1876 219 1930 tempora
238 1865 320 1911 nostra
333 1857 398 1910 libra
415 1859 513 1924 aequali
537 1857 643 1924 (Paron
691 1854 724 1906 ad
741 1855 861 1907 intimam
884 1853 1086 1907 familiaritatem
1108 1855 1224 1906 animum

108 1956 184 1994 terra:
201 1943 256 1992 veri
279 1949 317 1992 est
333 1940 414 1991 iatum
434 1938 581 1990 Stoicorum
604 1939 643 1990 in·
692 1945 739 2009 (in
753 1941 801 1994 hoo
823 1952 909 1993 sutem
924 1941 1047 1994 videntur
1062 1941 1111 1993 sibi
1127 1951 1225 1993 veteres

107 2023 233 2077 mutabile
247 2041 276 2074 oo
295 2031 409 2088 certum;
435 2023 560 2090 suspendit
578 2023 643 2072 libra
692 2043 745 2078 non
764 2043 866 2094 semper
883 2026 1037 2078 constitisse.
1055 2043 1079 2076 r.
1095 2029 1174 2094 intpp.
1192 2027 1226 2078 nd

107 2110 206 2179 aequali
220 2120 333 2176 temporo
350 2119 434 2158 nostr-n
448 2104 464 2156 i.
479 2125 503 2158 e.
517 2101 640 2174 exaequo·
691 2109 794 2162 Petron.
817 2111 895 2179 39.),
919 2107 1121 2178 malignitnsqne
1147 2113 1224 2161 unius

108 2191 149 2242 vit
165 2189 245 2242 vitam
266 2192 400 2260 utriusque
423 2199 541 2240 nostrum
566 2187 643 2239 Libra
691 2192 782 2245 stellae
795 2193 908 2245 bonitate
922 2203 948 2244 et
959 2193 1108 2245 srlnbntute
1121 2192 1224 2245 ulterius

108 2273 250 2342 illalusla):
259 2273 445 2370 posteriusfllc.
458 2291 498 2325 seu
508 2273 570 2324 bora
584 2285 643 2323 nata
692 2275 883 2344 quodammodo
900 2281 1060 2329 cniirceretur
1077 2287 1103 2327 et
1121 2285 1219 2345 tempe·

104 2359 241 2429 fidelibus,
259 2357 370 2410 imeseu
390 2367 506 2426 tempus,
523 2356 571 2407 sub
592 2375 643 2424 quo
692 2368 798 2408 erretur.

109 2443 186 2495 amici
204 2439 291 2492 fideles
305 2451 460 2507 nascuntur,
478 2441 568 2490 dividis
579 2440 643 2510 stetu
726 2445 767 2492 5⁴.
795 2439 942 2492 Verborum
971 2439 1052 2491 ordo:
1091 2441 1162 2491 Certe
1186 2454 1222 2492 est

108 2524 242 2576 cortoordia
258 2525 392 2576 duorum'
382 2541 409 2573 tn
433 2523 591 2588 Geminos,
584 2541 601 2572 ι.
619 2541 642 2574 s.
691 2533 783 2574 astmm
799 2522 1224 2591 nescioquod,qnodme1ihitem·

108 2625 196 2659 euram
220 2607 332 2658 satorum
355 2615 507 2660 ¹nostrornm
532 2622 641 2658 corrcor·
688 2617 776 2675 perat,
798 2605 815 2656 i.
838 2623 861 2658 e.
883 2603 953 2672 quod
971 2605 1074 2656 saoitnt
1090 2605 1223 2656 incudem

108 2691 183 2742 dium
197 2689 344 2760 dispertivit
360 2689 490 2742 Geminis.

693 2689 824 2742 voluntate
837 2699 863 2741 et
876 2690 962 2742 studio
976 2707 1071 2742 verser.

144 2777 186 2838 ὅθ.
205 2771 383 2844 Sutrrrnumque
398 2792 500 2844 gravem
512 2791 571 2842 pro:
587 2773 642 2826 rim
725 2779 833 2827 52-61.
848 2774 935 2842 Pergit
952 2773 1060 2826 Noster:
1074 2772 1164 2824 Studio
1178 2771 1224 2826 bo·
1301 2761 1303 2767 ¹

108 2855 212 2907 noxiam
226 2855 346 2918 Saturni3
361 2865 398 2908 est
409 2856 478 2907 enim
494 2852 642 2906 maleficum

108 2939 187 2993 sidtu.
232 2941 395 3011 frangimus,
411 2938 554 3004 vincimus,
574 2936 642 2989 mol·

109 3021 197 3076 limus.
246 3023 305 3074 Iove
318 3036 410 3086 nostro,
425 3025 485 3076 love
497 3021 571 3074 nobis
584 3041 641 3092 pro·

109 3107 184 3177 pitin.
211 3108 383 3180 Anfrangere
396 3116 423 3159 et
436 3121 573 3175 temperare
586 3125 642 3176 pro·

108 3189 164 3259 pris
195 3189 395 3261 Astrologorum
423 3190 501 3244 verint
525 3191 641 3254 suerint,

110 3275 217 3342 dubito;
235 3275 283 3329 boe
296 3288 396 3330 certum
415 3277 530 3339 ridetur,
545 3294 574 3326 eo
588 3274 640 3327 b.l.

109 3358 225 3428 adprime
237 3361 386 3413 convenire.
406 3361 514 3412 Sensus:
541 3357 641 3412 Eodem

109 3442 161 3494 luto
191 3451 299 3512 uterque
325 3453 441 3496 nostrum
466 3444 563 3506 utitur,
588 3461 641 3494 nnn

108 3545 172 3579 sone
186 3528 218 3580 ab
237 3530 313 3582 omni
330 3537 400 3600 parte
419 3525 505 3590 felici,
527 3527 571 3580 sed
591 3547 641 3597 quo

676 2846 795 2910 ‘minum
814 2857 917 2910 diversa
937 2867 1014 2920 sunt,
1036 2857 1079 2908 elii
1101 2871 1225 2925 quaestu,

691 2942 735 2996 slii
761 2943 872 3008 desidio,
899 2941 942 2994 ulii
968 2940 1044 3008 ludo,
1062 2940 1107 2994 alii
1136 2961 1224 2996 umore

691 3027 828 3090 ducuntur,
837 3035 863 3076 et
873 3024 904 3076 nd
917 3035 1063 3077 extremum
1076 3025 1225 3098 prseteritos

691 3107 747 3162 dies
764 3108 939 3179 nequidquam
957 3125 1047 3159 omnes
1061 3107 1156 3160 dolent.

726 3198 767 3246 52.
790 3193 869 3245 Mille
889 3193 1016 3244 bominum
1031 3191 1140 3262 spicios,
1162 3191 1179 3244 i.
1199 3213 1225 3246 e.
1302 3223 1304 3229 ·

691 3279 781 3348 ingens
808 3288 845 3330 est
870 3276 1006 3328 diversitos
1034 3278 1062 3328 in
1087 3276 1224 3328 hominnm

691 3365 791 3434 figuris;
804 3376 827 3413 et
839 3381 920 3413 rernm
934 3362 1043 3412 discolor
1052 3357 1126 3423 usus,
1143 3369 1168 3411 et
1183 3379 1223 3411 res

691 3445 830 3515 uniltiplioi
854 3447 952 3496 ratione
982 3443 1060 3496 utiles
1088 3461 1142 3496 esso
1163 3463 1220 3510 pos·

691 3539 760 3581 sunt.
840 3557 841 3562 =

726 3621 766 3666 53.
782 3613 812 3668 V
810 3613 857 3664 elle
873 3632 938 3665 sturm
951 3618 1096 3682 cuiquem,
1109 3633 1153 3664 nec
1166 3629 1223 3665 voro

108 3613 176 3666 bona
193 3613 272 3666 mixte
285 3615 337 3667 sint
348 3613 435 3677 melis,
445 3613 516 3694 ‘pdeo
536 3624 621 3665 tomen
634 3653 641 3678 ,

108 3706 138 3750 nt
151 3697 220 3750 mals
232 3717 247 3751 a
260 3699 334 3752 bonis
346 3708 506 3770 superentur,
519 3701 642 3750 Ceterum
690 3701 783 3748 vivitur
800 3715 862 3758 urso,
880 3698 896 3747 i.
909 3716 932 3746 e.
947 3714 992 3746 sua
1005 3698 1111 3766 quisque
1128 3695 1220 3746 volun·

108 3784 362 3855 cursgenetbliacis
376 3782 480 3836 Saturni
493 3781 566 3834 stello
584 3801 639 3834 ma·
690 3790 764 3842 tnte,
790 3780 842 3830 suis
869 3777 960 3830 studiis
982 3777 1092 3830 ducitur.
1130 3780 1225 3829 Sensns

110 3866 197 3932 letica,
213 3866 282 3921 lovis
296 3867 414 3920 salutaris
431 3867 554 3919 habeatnr
566 3867 641 3933 (Me-
691 3861 770 3914 buius
790 3874 816 3915 et
832 3863 926 3932 prioris
946 3881 1034 3913 versus
1051 3863 1092 3914 hic
1111 3873 1163 3914 est:
1192 3863 1210 3910 V
1215 3873 1225 3912 t

109 3949 180 4000 crob.
198 3951 250 4002 Sat.
263 3953 290 4012 1,
306 3953 371 4018 tu),
386 3948 538 4020 ignorabant
551 3948 641 4016 vulgo:

109 4048 162 4082 nne
179 4033 244 4082 ratio
258 4030 374 4083 adfertur
390 4049 422 4082 ex
439 4029 584 4082 Ptolemaeo
595 4032 643 4081 ‘ra-

110 4113 178 4164 brio.
195 4112 259 4167 bibl.
278 4115 369 4167 Graec.
383 4115 415 4166 T.
430 4116 474 4166 lV.
486 4131 509 4166 c.
529 4120 568 4164 st.
587 4131 644 4182 pag.

108 4201 170 4249 449.
183 4196 263 4249 Multi
275 4197 327 4250 ism
342 4215 371 4248 ex
388 4197 518 4252 veteribus
532 4195 591 4248 buic
603 4213 644 4247 sn-

110 4279 253 4347 perstitioni
283 4279 344 4332 anili
372 4279 469 4334 bellum
487 4281 644 4334 indixerunt.

111 4367 207 4422 Mansit
222 4377 309 4422 tamen
323 4368 451 4438 persuasio
463 4365 575 4439 migsris
583 4405 591 4432 ‚
608 4375 644 4427 ut,

693 3946 812 3998 homines
828 3955 854 3998 et
868 3965 908 3998 res
926 3945 1010 4015 specie
1030 3956 1057 3996 et
1078 3963 1125 3997 usu
1149 3945 1226 3997 velse-

694 4039 796 4082 menter
809 4031 876 4082 inter
889 4049 915 4084 se
929 4031 1067 4095 differunt3
1090 4029 1125 4081 sio
1147 4031 1225 4082 etiam

695 4112 840 4166 voluntates
856 4113 1002 4165 bominum
1015 4123 1041 4164 et
1061 4112 1144 4165 studio
1161 4113 1226 4164 circu

696 4214 737 4248 ess
755 4214 796 4247 res
817 4215 956 4266 eorumque
976 4214 1063 4248 nsum.
1092 4195 1228 4246 Vnriototis

695 4279 832 4332 bominum
846 4282 874 4334 in
887 4282 977 4353 liguris
988 4289 1013 4333 et
1026 4279 1142 4334 moribus
1154 4297 1226 4350 saepe

695 4364 796 4418 mentio
811 4376 857 4418 est.
