3120 5494
278 362 280 368 ’
316 385 413 504 346·

361 623 566 698 Scribimus
585 623 742 716 inclusi,
760 640 936 702 numeros
956 623 1042 720 ille,
1062 626 1123 699 hic
1140 622 1239 728 pedo
1258 622 1379 709 liber,

311 739 463 815 Grande
474 739 738 846 aliquid,quod
748 741 1027 846 pulmoanimae
1037 740 1428 845 praelargusunhelet.

311 1047 381 1100 ciens
411 1043 519 1098 conulio
541 1043 651 1097 subinde
676 1045 845 1100 confirmato:

310 1131 371 1195 sed,
388 1126 493 1200 inquit,
517 1127 682 1181 scribendum
709 1127 774 1180 mibi
794 1137 847 1195 est',

311 1231 372 1266 nam
390 1231 443 1264 mm
469 1214 592 1280 puniatur·
614 1213 698 1282 plene
717 1211 847 1264 muttum.

310 1295 472 1364 Cuicumque
499 1294 612 1348 adfectui
641 1305 742 1346 veteres
772 1293 846 1365 quusi

311 1379 399 1432 sedern
414 1389 571 1450 posuerunt;
588 1376 699 1430 laetitiae
720 1376 808 1430 sedern
819 1376 846 1429 in

310 1463 400 1536 splene
417 1463 568 1534 (Aristoph.
592 1463 752 1534 Thesmupb.
764 1471 789 1518 3.
810 1462 846 1515 ibi

311 1548 370 1603 Scb.
380 1555 401 1614 ),
423 1547 570 1601 iracundiae
584 1547 611 1598 in
627 1546 686 1600 selle
707 1544 848 1616 (luvenal.

311 1636 345 1700 V,
367 1639 424 1688 459.
439 1636 467 1701 ),
489 1632 568 1686 etiarn
589 1631 616 1683 in
637 1631 714 1686 corde
735 1629 846 1701 (Virgil.

312 1719 378 1771 Aen.
391 1719 444 1781 Vl,
466 1720 564 1786 407.),
589 1715 685 1769 amoris
707 1715 735 1768 in
755 1715 848 1785 bepate

311 1801 465 1868 (Theocrit.
483 1803 521 1855 XI
526 1840 537 1866 ,
558 1805 583 1854 6.
597 1801 674 1864 Xlll,
699 1807 741 1852 74.
764 1798 847 1854 Clau-

312 1883 381 1936 dian.
398 1883 478 1948 v111,
507 1887 551 1935 244
570 1885 658 1951 seq),
682 1897 736 1932 non
759 1891 847 1934 umen

311 1981 414 2036 semper
440 1964 489 2019 sibi
518 1975 644 2019 constant.
675 1967 772 2016 &usus
785 1965 811 2017 h.
828 1963 847 2016 l.

312 2061 363 2103 ests
385 2061 476 2103 natura
490 2067 548 2102 sum
567 2049 693 2102 cachinno
712 2047 846 2119 petulans,

312 2133 427 2204 derisor;
443 2133 512 2203 quod
531 2151 627 2187 nomen
645 2145 732 2186 tamen
747 2133 848 2186 Persius

311 2219 408 2272 iniuria
422 2219 472 2272 sibi
485 2219 616 2272 vindicare
627 2219 739 2272 ridetur.
753 2220 847 2272 Casuu-

313 2304 399 2360 bonus
422 2305 510 2360 locum
532 2305 604 2359 hunc
626 2323 642 2357 a
667 2324 693 2358 v.
707 2304 848 2365 o-u.sic

312 2388 446 2462 intelligit:
462 2391 580 2463 Aequum
589 2388 720 2443 estsatinu
730 2390 848 2455 scribere,

312 2491 394 2544 quum
409 2473 543 2527 intuemur
556 2491 630 2525 senes
643 2483 752 2536 nostros,
766 2471 846 2525 vitam

313 2557 434 2609 tetricum
465 2567 492 2610 et
521 2551 649 2609 austerarit
675 2555 847 2608 similantesa

312 2641 424 2712 pueritia
440 2641 473 2694 od
485 2639 607 2694 ultimam
618 2657 699 2710 usque
713 2641 779 2694 uitae
793 2657 847 2692 rne-

312 2735 387 2790 tum,
417 2725 460 2796 qui
480 2723 650 2778 nihilomiuus
670 2733 758 2777 tamen
781 2741 843 2776 cen·

311 2827 382 2861 sores
396 2825 472 2880 ogere
486 2807 586 2862 volunt.
604 2808 632 2860 Si
649 2805 676 2860 hi
691 2825 781 2860 versus
800 2809 843 2859 lu·

312 2891 410 2945 uenalis
421 2899 522 2958 essent,
537 2892 594 2944 viro
608 2889 757 2943 doctissimo
771 2889 846 2943 adco-

312 2972 418 3025 darem:
436 2989 528 3025 verum
543 2971 670 3024 rationem
685 2971 773 3024 satiras
786 2971 845 3024 scri-

311 3056 391 3110 bendi
404 3075 456 3109 non
469 3067 567 3126 poterat
579 3055 672 3109 Noster
684 3065 798 3126 repetere
814 3057 846 3110 ab

311 3159 361 3204 eo,
375 3140 446 3212 quod
460 3157 587 3212 nusquam
602 3152 787 3210 argumentum
805 3159 846 3194 aa·

797 423 929 480 PEliSll

896 1044 974 1098 turba
999 1043 1092 1098 remoti
1098 1081 1109 1107 ,
1136 1043 1164 1097 in
1186 1039 1298 1097 cubiculi
1321 1059 1431 1096 reoeuu.

895 1127 988 1181 totus
1001 1138 1027 1182 et
1041 1137 1154 1180 oratores
1166 1124 1192 1177 in
1208 1123 1303 1180 lectulo
1315 1125 1432 1178 sedentes

895 1212 1010 1266 solebant
1020 1211 1149 1265 mrdiuri.
1183 1229 1313 1276 raimerus,
1329 1229 1432 1266 renus.

894 1297 959 1368 pede
969 1297 1046 1362 liber,
1063 1293 1181 1367 rhythmi
1205 1292 1305 1364 legibus
1325 1293 1431 1347 solutus.

896 1385 990 1434 Sensus
1003 1391 1055 1433 est:
1079 1378 1216 1432 scribimus
1228 1389 1255 1432 et
1273 1377 1385 1449 pedestri
1405 1387 1432 1431 et

896 1465 975 1536 ligato
990 1481 1119 1518 sermone.
1145 1463 1233 1516 Prima
1249 1479 1352 1534 persam
1366 1459 1432 1531 plu-

896 1547 972 1613 ralis,
996 1566 1046 1618 qus
1070 1546 1274 1612 Nosterutittu,
1296 1543 1431 1597 inridendi

898 1631 952 1684 sint
960 1630 1042 1684 babet.
1051 1630 1206 1684 Emendatio
1214 1629 1337 1682 Gmunrii
1348 1627 1429 1694 (Dian

898 1717 958 1769 trib.
981 1737 1004 1771 c.
1020 1717 1142 1786 XXIV.)
1158 1715 1337 1770 concinnitatis
1352 1712 1432 1765 leude

896 1801 1108 1854 commendatur:
1141 1801 1294 1862 Scribimus,
1324 1799 1432 1850 inclusus

895 1891 1002 1939 muteris
1014 1889 1065 1952 ills,
1078 1886 1119 1938 bic
1127 1886 1191 1956 pede
1203 1885 1273 1937 libor.
1282 1913 1316 1925 -
1327 1883 1430 1936 Grande

896 1970 1003 2041 aliqud.
1015 1969 1085 2038 Qud
1096 1967 1161 2022 illud
1176 1967 1217 2031 sit,
1228 1985 1257 2019 es
1268 1965 1431 2034 sequentibus

896 2054 1016 2124 adparet;
1030 2053 1100 2105 idem
1111 2069 1221 2122 nempe,
1240 2049 1312 2120 quotl
1330 2049 1431 2103 Peteon.

896 2157 952 2208 cap.
968 2145 991 2191 4.
1009 2155 1090 2190 renuo
1112 2149 1231 2190 amtorem
1249 2149 1273 2188 et
1293 2139 1433 2187 tentonia·

896 2241 950 2276 rum
972 2225 1136 2275 vastissimum
1156 2225 1285 2291 strepitur
1310 2217 1431 2288 adpellut.

896 2307 996 2362 Eodem
1013 2325 1091 2362 sensu
1108 2309 1196 2360 Horat.
1210 2306 1237 2358 in
1251 2315 1308 2357 arte
1320 2309 1368 2357 457
1388 2302 1431 2355 lia·

896 2393 940 2446 bet
951 2393 1064 2446 :sublimes
1082 2411 1173 2444 vri-sus.
1202 2391 1242 2441 De
1261 2387 1308 2441 illo
1324 2387 1432 2441 sublimi

897 2496 1009 2552 genere,
1023 2477 1091 2548 quod
1103 2477 1235 2548 epicorum
1248 2485 1275 2528 et
1287 2475 1433 2547 lyricorum

899 2565 1033 2636 proprium
1051 2575 1103 2630 est,
1120 2563 1146 2616 in
1163 2581 1216 2633 qun
1229 2561 1370 2616 sententiae
1387 2579 1430 2612 re·

896 2667 957 2702 rum
980 2647 1167 2716 magnitudini,
1190 2655 1215 2699 et
1240 2647 1319 2698 verba
1341 2663 1433 2698 rursus

897 2731 1086 2786 sententiarum
1114 2727 1233 2802 gravitati
1260 2747 1289 2781 ac
1314 2727 1434 2799 dignitati

896 2815 1096 2872 adcommodata
1120 2827 1199 2878 sunt,
1218 2823 1247 2866 ut
1266 2813 1335 2884 apud
1356 2813 1433 2882 Prup.

895 2901 938 2966 ll,
957 2899 980 2954 8'.
998 2903 1114 2968 tiiseqq.
1136 2897 1263 2952 ovidi.
1279 2899 1312 2950 A.
1331 2897 1360 2960 1,
1381 2901 1432 2950 206

895 3003 964 3054 seqq.
987 2999 1073 3036 sermo
1093 3001 1147 3034 esse
1161 3001 1213 3034 nun
1231 2991 1323 3051 potest.
1366 2979 1436 3051 quud

895 3070 981 3140 pulmo
994 3071 1093 3119 atrimae
1102 3069 1250 3138 praelargus
1260 3065 1359 3117 mahelet
1372 3063 1435 3116 sim·

897 3150 996 3223 pliciter
1009 3169 1072 3220 pro:
1087 3169 1115 3203 ac
1128 3149 1299 3212 recitandum,
1313 3147 1436 3202 sedeunt

311 3223 375 3276 tirue
386 3221 493 3277 alicuius
505 3223 576 3277 lacit.
590 3225 712 3277 Ceterum
725 3222 776 3276 levi
788 3221 846 3277 lite·
897 3233 998 3288 delecm
1016 3251 1166 3304 mmmm
1174 3271 1184 3296 ‚
1208 3243 1234 3285 et
1251 3241 1308 3301 apte
1322 3231 1355 3283 sd
1373 3249 1434 3283 eam

309 3326 400 3362 rarum
428 3307 571 3361 mutatione
596 3307 773 3378 interpretatio
795 3307 845 3361 loci
895 3313 1255 3388 vim‚spraesp33rm1deh.
1278 3313 1297 3367 l.
1318 3312 1435 3366 subiecta

311 3393 341 3444 lli
357 3389 470 3446 facilior:
491 3389 563 3446 Narra
585 3391 679 3444 Rornae
698 3394 752 3462 quis
767 3397 844 3444 nou?
894 3411 940 3454 est,
962 3401 1056 3453 pulmo
1073 3401 1219 3471 praelargus
1240 3403 1354 3458 mamas,
1369 3415 1435 3468 pro:

312 3507 343 3519 ·-
364 3489 390 3528 at
414 3479 457 3546 qui
468 3477 516 3548 sus
533 3478 635 3529 dicere?
655 3505 690 3517 -
709 3477 759 3544 Qui
775 3477 842 3546 faa?
894 3479 1032 3551 pulmones
1043 3481 1209 3550 capacissimi.
1221 3479 1352 3549 Aristopb.
1363 3481 1432 3530 Rau.

313 3555 404 3613 Tune?
420 3580 493 3632 quum
514 3563 548 3612 nd
561 3563 679 3613 ‘conulem
695 3573 720 3612 et
733 3573 844 3624 uqstmm
895 3569 939 3618 854
960 3583 1014 3634 seq.
1027 3561 1130 3635 ῥήματα
1141 3559 1262 3631 dutopiuu
1279 3579 1314 3614 se.
1324 3563 1432 3632 pluriora

310 3645 378 3697 istud
390 3645 473 3696 vivere
485 3646 552 3696 tristc
568 3645 843 3714 Adspexi‚rtr.ueibus
894 3645 1141 3713 καταλεπτολογήσει
1167 3643 1316 3712 πλευμόνων
1349 3644 1431 3695 uolua

302 3725 416 3798 fluaimau
436 3747 598 3799 mercuriique
621 3729 737 3780 relictis?
763 3729 844 3799 Quota
894 3727 981 3782 πὸνον,
1004 3731 1101 3781 Contra
1125 3725 1172 3779 boc
1190 3725 1286 3780 vitium
1311 3725 1338 3778 in
1362 3727 1430 3779 reei-

310 3817 418 3881 sapimus
428 3799 548 3880 patrubs?
560 3841 594 3853 -
604 3811 641 3863 Et
654 3825 710 3863 tuno
720 3804 844 3881 igilusorre
895 3812 976 3866 tundo
992 3822 1082 3864 monet
1098 3809 1209 3880 Quintil.
1229 3811 1311 3862 Instit.
1329 3811 1384 3873 xl,
1407 3816 1432 3862 3.

311 3895 419 3948 nolo·
433 3895 633 3967 Quodfireiam?
649 3897 694 3948 sed
709 3913 761 3950 urm
777 3907 844 3965 pctu-
895 3891 957 3944 Sunt
968 3895 1011 3962 apri
1023 3892 1107 3944 erebro
1123 3889 1232 3942 unlub'tu
1251 3903 1274 3942 et
1296 3894 1431 3942 interorum

233 4017 238 4024 -
311 3978 374 4030 lunts'
385 3981 466 4046 splene
479 3979 610 4032 cachinno.
894 3979 969 4028 etium
982 3975 1049 4028 clare
1069 3987 1170 4027 sonorae
1183 3977 1431 4027 imitenturiumemu

346 4067 378 4114 43
392 4079 462 4133 seqq.
477 4061 590 4116 intendit
607 4060 736 4133 flagellum
754 4061 840 4114 satiri·
893 4071 1001 4112 ouereet
1017 4059 1077 4128 iugo
1090 4059 1238 4110 laborantia„
1259 4057 1335 4126 Quod
1358 4058 1433 4127 adfir-

311 4160 372 4196 eum
384 4143 476 4198 Noster
488 4145 515 4196 in
528 4144 656 4199 scribendi
670 4145 839 4215 pruriginem,
892 4158 960 4198 staro
986 4163 1099 4214 quoque,
1127 4157 1253 4214 tanquam
1282 4145 1432 4194 inuentionis

310 4243 392 4296 quam
420 4228 520 4297 primae
544 4231 634 4281 sutirue
659 4239 841 4298 argumentum
892 4231 965 4297 copia
981 4240 1129 4296 urgeantur,
1157 4231 1284 4295 ninius-que
1306 4231 1347 4278 vis
1372 4226 1427 4277 eln-

311 4309 383 4372 lecit,
404 4328 512 4380 eumque
524 4311 598 4382 quasi
611 4331 641 4365 ex
657 4311 788 4382 inproviso
802 4312 841 4364 iu·
892 4314 1003 4378 querulae
1019 4313 1136 4378 ingruat,
1151 4327 1226 4380 qrtam
1238 4327 1301 4377 quae
1308 4307 1431 4378 faticibm

311 4389 391 4444 uadit.
406 4391 438 4444 ol.
452 4403 507 4445 not.
525 4393 601 4448 adv.
626 4398 682 4448 ⁴07.
703 4394 807 4458 inclusi,
827 4411 842 4445 a
894 4395 974 4446 scritti
988 4393 1074 4462 possit.
