3108 5494
335 397 400 472 20
781 397 1008 470 strennus

334 601 453 682 uusptcs
463 595 558 665 nobiti
575 601 608 662 ln
618 601 704 681 quibus
713 601 776 661 iocis
788 605 865 661 verba
878 599 931 680 ipsa
944 621 997 662 rent
1012 604 1080 662 clare
1093 603 1221 676 indicant,
1234 619 1309 680 quarn
1322 599 1372 662 tte
1391 593 1487 660 louei-

333 691 383 764 ligi
396 692 517 744 ucbrrnus.
540 689 630 762 licque
640 701 718 741 totum
731 707 829 741 carmen
843 701 879 740 est
896 691 997 742 titutum
1014 691 1169 742 acerbissimo
1183 705 1254 741 sensu
1265 691 1360 760 poitae
1372 701 1486 743 stoma-

333 774 431 829 olsantis
449 773 562 826 odiosam
573 772 759 848 affectationem
780 774 922 825 sanctitatis
934 785 958 824 et
975 775 1120 842 gravitatis,
1134 791 1183 842 qua
1204 771 1251 824 illa
1267 785 1353 824 aetate
1374 785 1405 824 et
1423 775 1484 842 ipse

333 856 456 927 Princeps
461 853 581 928 furebat,
598 865 622 906 et
631 853 749 928 ferebant
770 856 842 908 nolti
860 855 924 918 alii,
944 855 1043 907 coelesti
1063 855 1176 925 exemplo
1198 855 1263 906 uitiis
1282 861 1428 927 specieque
1445 859 1484 908 si-

332 937 442 994 millimi.
451 969 486 1000 7-
500 935 576 991 Nunc
586 939 737 991 verolsorum
751 941 858 1009 ipsorum
866 957 963 990 seuerae
975 939 1039 1009 legis
1054 938 1263 1008 proclamatorum
1275 943 1415 990 rationem
1429 957 1482 990 ne-

333 1039 398 1076 eesse
415 1031 450 1072 est
463 1021 553 1077 intueri
563 1020 639 1089 paulo
653 1022 734 1072 acrius
741 1059 750 1084 ,
763 1033 789 1072 ut
800 1021 876 1092 plone
887 1031 1020 1092 appareat,
1032 1019 1090 1071 illos
1103 1019 1213 1071 homines
1230 1037 1279 1070 esse
1296 1021 1399 1072 illustri
1414 1019 1484 1074 loeo
1512 1089 1514 1092 ι

332 1117 419 1169 natos,
431 1117 505 1174 atque
517 1107 654 1174 primorum
667 1105 693 1156 in
710 1105 808 1155 civitate
821 1105 955 1166 ordimem,
973 1101 1102 1156 Senatores
1114 1116 1137 1154 et
1149 1102 1271 1173 qrsoslibet
1282 1103 1397 1157 rsobiles:
1412 1123 1484 1176 qua·

331 1188 369 1241 les
378 1187 485 1257 perditis
498 1187 629 1257 quibusque
643 1187 789 1257 temporibus
800 1187 878 1255 primi
886 1187 948 1257 scre
966 1188 1079 1238 exsistere
1091 1185 1170 1238 solem
1182 1197 1294 1238 auctores
1305 1185 1483 1258 corruptelae

332 1285 363 1323 tto
377 1269 550 1340 turpitudinis,
564 1267 595 1320 ab
606 1271 666 1340 ipsis
679 1269 775 1320 deinde
787 1268 823 1320 ad
836 1269 924 1338 vulgus
940 1271 1065 1320 manantis
1073 1291 1083 1333 ,-
1096 1267 1163 1338 quoti
1180 1269 1304 1320 luvenalis
1320 1271 1376 1340 ipse
1394 1269 1483 1334 elicit,

333 1351 452 1404 ttintirum
468 1349 567 1402 edoctus
583 1353 751 1420 experientia,
772 1370 794 1402 ν.
816 1351 857 1402 78.
875 1347 954 1401 Dedit
971 1347 1038 1401 hauc
1052 1349 1172 1418 contagio
1189 1347 1274 1401 labem
1300 1351 1333 1402 Et
1345 1349 1432 1402 dabit
1446 1349 1480 1400 'iu

331 1429 426 1503 piures.
450 1429 558 1485 Nobiles
572 1431 744 1484 tantummodo
756 1443 894 1502 agnoscunt
909 1431 935 1482 in
954 1443 1026 1502 parte
1039 1433 1158 1482 carminis
1176 1445 1302 1495 extrema,
1323 1431 1365 1484 ubi
1379 1449 1481 1483 errare

332 1513 448 1564 trinsinsm
461 1527 533 1564 nemo
546 1523 628 1583 potest
634 1552 644 1576 ,
659 1513 718 1564 inde
729 1531 745 1564 a
759 1532 781 1564 ν.
799 1517 855 1565 tto.
876 1510 1031 1582 Ceteroquin,
1048 1531 1075 1566 re
1088 1514 1208 1582 ignorata
1214 1552 1224 1577 ,
1239 1514 1291 1564 non
1304 1516 1387 1582 pontit
1394 1523 1479 1564 recta

332 1613 384 1649 esse
398 1597 579 1668 interpretatio.
606 1595 650 1648 lta
670 1599 777 1648 Sestum
797 1615 821 1650 o.
836 1601 878 1649 21.
894 1593 1004 1650 Stoicum
1015 1607 1115 1667 putum
1131 1599 1188 1661 ubi,
1203 1597 1272 1668 quod
1291 1601 1359 1649 urtice
1372 1615 1474 1650 verum

332 1691 368 1730 est
376 1719 384 1744 ,
395 1691 519 1731 monstrat
531 1677 606 1730 docta
619 1681 729 1732 brevitas
746 1681 833 1732 veter-is
843 1677 932 1730 sclsclii
940 1697 947 1729 .·
961 1679 1051 1743 Sexte,
1066 1679 1183 1730 Senator.
1201 1680 1272 1740 Mon
1283 1697 1311 1734 v.
1323 1685 1363 1732 67.
1378 1691 1408 1732 et
1421 1683 1472 1732 78.

331 1759 479 1823 nescientes,
493 1760 554 1830 quid
562 1759 665 1836 ¹seiciunt
686 1761 800 1826 Cretico,
812 1773 939 1832 postremo
965 1762 1063 1830 iudices
1073 1761 1186 1830 intelligi
1200 1761 1296 1829 iubent;
1309 1779 1471 1832 mammeam

331 1839 379 1894 boc
392 1841 435 1894 vel
447 1853 578 1914 propterea
584 1843 755 1914 salsissimum
765 1855 809 1905 est,
822 1843 889 1912 prad
903 1844 970 1895 idem
984 1839 1093 1894 Creticus
1105 1841 1192 1894 eadem
1205 1845 1232 1893 in
1244 1861 1315 1895 versu
1335 1859 1471 1912 perorare

331 1925 425 1977 dicitur
437 1937 461 1976 et
471 1923 548 1996 pausia
565 1937 630 1996 post.
649 1943 676 1977 v.
698 1931 739 1977 tt.
761 1941 853 1995 ogere,
867 1937 940 1996 atque
956 1925 1037 1976 eidem
1059 1925 1134 1977 etiam
1149 1943 1172 1976 ν.
1186 1929 1227 1978 75.
1243 1929 1283 1978 76.
1302 1925 1379 1976 iudex
1404 1943 1468 1976 cum

331 2015 396 2060 teste
410 2009 552 2078 opponitur.
576 2006 613 2060 Et
624 2007 672 2060 lsoc
687 2025 781 2079 quoque
795 2011 823 2058 in
837 2007 893 2059 loeo
907 2025 993 2067 verum
1010 2009 1119 2059 continet
1133 2021 1200 2060 uetus
1213 2007 1349 2060 solsoliwne
1371 2009 1466 2059 sCre-

331 2087 397 2140 iicet
416 2083 465 2140 hoc
479 2085 586 2141 stamine
603 2087 645 2141 vei
660 2087 803 2158 quemlibet
822 2083 937 2140 nobilem
958 2087 1102 2158 significat,
1125 2086 1169 2142 vei
1191 2087 1282 2142 lulium
1305 2087 1465 2152 Creticum,

333 2167 377 2238 qui
392 2167 439 2220 sub
453 2169 537 2221 Coess.
551 2167 667 2222 inlustris
679 2187 765 2222 eousas
782 2167 863 2239 cgito
878 2169 948 2222 lilud
960 2173 1029 2241 prius
1042 2170 1175 2222 tenendum
1186 2188 1249 2236 esse,
1261 2169 1332 2222 docet
1344 2169 1398 2238 ipse
1412 2167 1463 2219 lu·

332 2247 426 2303 uenalis
444 2256 533 2304 iterum
550 2257 632 2322 posito
657 2253 757 2305 nomine
774 2249 859 2306 Vlll.
875 2257 915 2305 38.
938 2252 1065 2305 octusis
1084 2251 1202 2306 Creticus
1219 2261 1261 2305 ortt
1280 2253 1460 2304 Camerinuss

333 2345 357 2385 et
369 2333 403 2386 ibi
415 2353 496 2386 rursus
513 2333 634 2388 sciolisun
652 2335 727 2388 bene:
741 2336 780 2388 Ne
798 2337 832 2388 sis
851 2345 951 2387 tantum
966 2335 1115 2389 nominibus
1135 2331 1237 2388 nobilis.
1272 2335 1331 2386 laris
1352 2337 1460 2387 demum

330 2417 363 2467 de
374 2415 533 2486 philosophis
546 2421 593 2469 erit
604 2423 774 2490 perspicuum,
788 2415 860 2488 prole
873 2435 950 2487 genus
966 2421 1054 2488 poitac
1067 2421 1099 2469 sit
1112 2419 1272 2471 obuersatum.
1294 2417 1332 2472 Vt
1352 2417 1461 2470 Stoicus

329 2512 381 2550 non
395 2509 431 2552 est
445 2501 466 2550 is
478 2503 521 2570 qui
534 2501 625 2552 Sextus
638 2504 780 2554 nominatur
792 2521 819 2552 v.
830 2507 886 2568 tt,
899 2505 936 2553 ita
946 2502 1007 2553 leaeo
1020 2513 1074 2556 totu
1085 2521 1144 2571 pars
1158 2499 1256 2553 Satirae
1269 2519 1295 2551 υ.
1310 2503 1402 2555 t-oo.
1411 2517 1462 2552 nea

329 2577 428 2635 Stoicos
442 2590 551 2654 spectat,
573 2600 618 2634 nec
633 2581 759 2656 Cynicos,
780 2601 857 2656 neque
878 2590 980 2636 omniuo
1000 2585 1063 2636 tales
1082 2585 1218 2655 sapientiae
1237 2577 1405 2655 professores,
1421 2583 1460 2634 ad

328 2679 390 2735 quos
403 2661 476 2718 Vrbe
489 2661 615 2736 Italiaque
628 2665 763 2719 eliciendos
775 2679 832 2717 tunc
845 2685 933 2719 stonum
948 2665 1091 2719 Domitieusi
1105 2667 1211 2718 edicteun
1233 2665 1377 2737 pertinebat.
1400 2661 1459 2730 Νσι7

328 2763 375 2814 que
386 2744 423 2796 ael
436 2761 489 2796 rem
498 2745 624 2816 quadrant
635 2748 712 2798 verba
726 2745 831 2817 Quintil.
843 2745 868 2800 I.
883 2745 1003 2799 Prooem.
1020 2753 1059 2801 t5.
1074 2747 1105 2798 de
1112 2747 1287 2799 ostentantibus
1299 2765 1330 2797 cx
1339 2745 1459 2819 projesso

325 2825 524 2898 philosophiam.
546 2827 622 2881 Atius
643 2841 679 2881 est
700 2842 798 2892 autem,
821 2835 862 2901 qui
880 2833 1011 2901 egregiam
1032 2832 1110 2882 lucem
1126 2829 1235 2902 afferat,
1258 2831 1325 2883 loeus
1346 2829 1459 2881 eiusdem

277 2936 279 2954 ι
326 2909 455 2978 scriptoris
471 2909 544 2974 xit,
559 2915 585 2973 3,
600 2913 639 2963 tt.
653 2909 693 2962 ubi
707 2923 824 2963 notantur
837 2913 949 2965 immines
963 2911 1079 2982 pigritiae
1092 2909 1290 2983 arrogantioris,
1305 2911 1358 2981 qui,
1370 2909 1458 2963 subito

327 2991 414 3044 fronte
428 2993 536 3052 conficto
550 2991 631 3060 (baec
643 3011 701 3046 vera
710 2995 803 3062 lectio)
820 2997 986 3065 irremissoque
1000 2995 1088 3060 barba,
1101 2993 1207 3064 paulurn
1217 2991 1314 3064 aliquid
1329 2993 1459 3047 sederunt

328 3070 357 3123 in
370 3067 465 3125 scholis
479 3069 708 3142 philosophorum,
731 3083 761 3126 ut
775 3071 868 3126 deiude
894 3077 921 3128 in
936 3073 1039 3145 publico
1054 3073 1154 3138 tristes,
1170 3073 1244 3126 domi
1268 3071 1405 3139 dissoluti,
1418 3091 1458 3123 cu·

327 3159 430 3225 piarent
443 3157 623 3208 auctoritatem
637 3165 770 3208 contemtu
784 3165 938 3210 ceterorum.
964 3157 1012 3210 Ad
1023 3175 1094 3228 quem
1108 3158 1189 3208 locum
1207 3173 1328 3228 apparere
1339 3161 1376 3206 ait
1391 3156 1457 3207 Ges·

326 3253 399 3290 nemu
405 3275 415 3302 ,
430 3237 471 3290 lsic
484 3243 559 3291 etiarn
572 3241 623 3310 peti
637 3239 728 3291 inuisas
742 3241 891 3291 Domitiano
903 3239 1072 3312 philosophas.
1091 3240 1149 3292 lma
1161 3241 1250 3310 respici
1261 3239 1361 3291 eosdem
1377 3255 1459 3307 appa·

326 3321 407 3384 redit,
423 3321 467 3392 qui
480 3319 595 3374 quenali
609 3336 633 3373 υ.
648 3329 673 3376 9.
692 3321 807 3373 ιίἰιωιιιιι
819 3323 904 3374 tristes
917 3325 943 3373 in
956 3320 1073 3394 publico,
1087 3321 1157 3374 domi
1181 3320 1317 3387 oisscoeni;
1337 3339 1363 3372 u.
1378 3327 1404 3372 4.
1421 3319 1458 3371 in·

329 3401 413 3470 docti,
424 3403 580 3457 similatores
593 3403 710 3475 pridem,
723 3405 767 3457 sed
779 3418 860 3456 maren
874 3405 947 3458 rudes
956 3417 1154 3476 praeceptorum,
1163 3405 1302 3476 quippequi
1314 3407 1358 3454 uix
1365 3405 1458 3474 primis

326 3482 406 3538 labris
414 3488 551 3558 attigemnl
563 3485 657 3558 aliquot
676 3487 789 3553 scitalas,
804 3489 905 3540 multum
917 3493 1078 3558 arrogantiae
1091 3507 1123 3539 esc
1135 3489 1167 3538 iis
1173 3525 1183 3551 ,
1198 3489 1333 3556 sapientiae
1347 3503 1456 3557 partun,

329 3569 484 3636 bausierucs3
477 3591 523 3625 ·v.
540 3575 581 3626 52.
597 3573 702 3640 strepitu
717 3571 774 3623 loto
789 3581 938 3633 moventes
958 3575 985 3622 in
998 3574 1114 3636 iudiciis,
1129 3591 1179 3624 nou
1199 3575 1227 3624 in
1239 3569 1453 3622 sclsolisversau·

235 3691 239 3700 ,
325 3663 379 3718 tes,·
394 3655 559 3727 tondensque
571 3653 666 3718 Stoici,
679 3655 738 3716 sed,
754 3653 830 3707 uerbo
850 3653 1025 3727 significanter
1049 3675 1102 3708 rem
1122 3657 1295 3727 exprimente,
1313 3651 1454 3716 Stoicidae,

251 3736 279 3802 χ
325 3746 455 3807 tamquam
459 3735 490 3808 s
480 3735 520 3788 lu
534 3747 575 3787 aut
583 3740 664 3806 potius
677 3737 765 3787 simiae
781 3723 992 3806 pbilosophorum.
1019 3735 1122 3807 Atqui'
1113 3747 1177 3786 mter
1189 3734 1258 3786 bos
1247 3751 1317 3804 ipsos
1329 3745 1352 3785 et
1364 3731 1451 3803 pisile·

325 3817 418 3880 sopitos
432 3829 530 3871 tannem
549 3817 702 3869 discriminis
719 3827 789 3880 erat,
811 3831 838 3869 ut
851 3817 904 3870 illis
923 3819 1016 3869 rudlsun
1036 3817 1108 3869 aliud
1120 3835 1196 3888 gensis
1210 3819 1236 3868 in
1256 3818 1357 3867 ciuitate
1369 3817 1456 3886 magis

316 3899 403 3971 fuisse
416 3897 531 3950 videatur
544 3897 711 3968 obsequiosum
723 3909 747 3950 et
767 3897 885 3951 dilectum
900 3899 1073 3967 Imperatori,
1096 3898 1156 3950 dum
1169 3897 1195 3949 lsi
1209 3896 1327 3968 quidem,
1342 3897 1385 3968 qui
1401 3915 1451 3966 pu-

324 3977 389 4032 blice
401 3979 499 4034 sclsolas
512 3979 643 4044 habebant,
659 3993 765 4032 aetenum
783 3981 859 4050 longe
871 4001 888 4032 a
894 3981 957 4054 ſssro
972 3983 1116 4052 iudiciisque
1137 3979 1294 4032 abhorrentes
1306 3991 1378 4051 atque
1392 3975 1453 4028 inele

325 4061 539 4134 etiamlegitima
550 4063 660 4115 civilium
680 4081 805 4114 muncrum
826 4067 954 4116 vacatione
970 4065 1085 4116 disiuscti
1106 4067 1152 4133 (u.
1170 4077 1281 4115 auctores
1303 4063 1451 4114 nominatim

324 4159 531 4199 tonsmernoratcs
545 4148 580 4198 ad
594 4145 666 4198 Plin.
680 4145 751 4216 Epp.
767 4145 807 4211 Χ,
823 4151 871 4203 66.
889 4149 934 4215 t.)
948 4150 1118 4200 contumaciae
1130 4167 1204 4199 causa
1217 4147 1268 4198 iam
1282 4165 1299 4198 a
1308 4147 1449 4215 principatu

324 4229 435 4297 Augusti
445 4229 500 4295 (act
513 4248 585 4301 quem
597 4229 729 4299 praeclara
745 4249 775 4282 ea
792 4229 825 4282 dc
838 4249 865 4282 re
878 4231 1037 4284 Maecenatis
1048 4241 1104 4282 sum
1124 4231 1201 4282 verba
1214 4229 1283 4300 apud
1296 4227 1404 4279 Dionem
1416 4245 1444 4296 p.

325 4313 385 4362 689.
394 4305 413 4361 l.
438 4315 469 4364 tt
484 4313 556 4382 seq.)
570 4313 676 4381 utspeeti
689 4309 836 4364 Caesaribus
848 4327 918 4365 erant
928 4353 936 4377 ,
949 4325 972 4364 et
986 4327 1042 4384 post
1058 4311 1239 4384 Vespasianum
1253 4315 1338 4362 iterum
1350 4309 1430 4361 Domi
1435 4337 1444 4348 ·

324 4392 388 4442 tiani
401 4391 461 4445 odio
474 4391 554 4445 ltalia
568 4393 761 4463 expellebantur.
776 4393 828 4446 ttta
841 4399 935 4466 igitur,
948 4409 1047 4467 promta
1060 4397 1180 4449 serviendi
1194 4393 1360 4464 adulandique
1367 4393 1442 4465 saei-

324 4473 397 4530 tuate
407 4477 468 4530 satu
480 4485 533 4532 tuta
546 4474 578 4532 ab
590 4475 682 4544 csilio,
693 4483 762 4534 natio
772 4477 914 4550 plerumque
927 4481 1021 4536 rubiles
1033 4491 1134 4536 eructet
1148 4477 1294 4550 Senatores,
1309 4493 1357 4550 φο
1369 4497 1442 4548 prae·
