3120 5494
295 383 390 485 330
543 419 546 424 ’
652 424 710 484 na
744 403 875 485 rnusn
914 427 1039 506 vrrs,

289 643 355 686 nou
373 619 473 685 solnm
492 621 690 684 veliementer
710 629 797 681 aucta
827 630 891 693 eat,
914 621 1129 682 verumetiam
1150 619 1182 682 in
1217 623 1415 690 acerbitatem

289 729 320 782 et
339 717 538 782 acrimoniam
563 715 649 778 abiit.
680 715 766 793 Quae
786 715 935 778 acerbitas
962 717 1129 799 praecipue
1157 739 1192 780 se
1218 721 1351 782 exseruit
1378 724 1416 786 iu

287 813 509 878 minutiarum
529 811 839 885 conformationibus,
860 812 893 872 in
924 811 1020 893 tropis
1041 811 1211 896 figurisque
1230 814 1413 897 deligendis,

286 909 451 996 inquibus
469 916 606 970 extrema
625 927 768 989 semper,
788 927 867 988 quae
887 909 1037 968 sermonis
1061 908 1351 991 ratio-subpeditet,
1364 933 1415 976 sa-

286 1006 406 1090 quitur,
425 1027 485 1068 nec
506 1003 608 1067 semel
622 1004 670 1066 rel
690 1023 813 1066 omnem
837 1024 923 1064 nsum
935 1013 969 1068 et
982 1004 1257 1080 consuetudinem,
1278 1017 1311 1069 nt
1324 1009 1417 1072 uobis

287 1101 414 1184 quidem
437 1100 579 1174 ridetur,
610 1101 738 1182 migrat,
770 1107 804 1160 ut
823 1119 876 1175 ea,
903 1119 980 1182 quae
1007 1110 1174 1183 proponat,
1195 1101 1418 1185 indignationis

287 1198 495 1260 vehementiae
515 1193 728 1280 respondeant.

327 1291 409 1354 iiiuc
429 1311 539 1373 magua
557 1311 596 1352 ex
615 1301 701 1372 parta
721 1289 802 1350 aliud
817 1289 922 1352 vitiam
937 1299 1041 1350 ortum
1061 1299 1125 1365 est,
1148 1313 1213 1375 quo
1225 1293 1318 1354 Persii
1332 1294 1416 1354 sori-

284 1387 378 1450 bendi
398 1409 493 1470 genus
512 1386 650 1462 laborat,
670 1384 849 1466 ambiguitas
863 1394 896 1446 st
915 1385 1098 1460 obscuritas,
1121 1409 1199 1471 quae
1217 1391 1305 1450 etiarn
1321 1405 1412 1452 auctu

286 1494 331 1546 eat
350 1484 507 1548 brevitatis
525 1483 644 1558 studio,
666 1482 717 1544 eui
736 1502 775 1543 ex
794 1483 890 1545 stoica
910 1483 1015 1546 forsan
1034 1483 1192 1568 disciplina
1212 1486 1337 1546 nimium
1351 1485 1411 1548 ad-

285 1580 403 1655 suerit,
421 1589 455 1642 et
473 1579 690 1642 sententiarum
710 1579 853 1660 argutiis,
887 1579 999 1662 quibua
1024 1589 1098 1641 tunc
1120 1581 1256 1644 hominos
1273 1581 1409 1644 delecta-

283 1673 408 1738 bantur.
428 1677 570 1747 Varum,
592 1695 632 1736 ua
652 1675 775 1754 gravina
794 1695 890 1757 aequo
910 1675 950 1736 de
964 1675 1065 1736 Persio
1085 1695 1327 1759 conqueramur,
1347 1677 1410 1738 bne

284 1773 394 1854 utique
410 1770 577 1834 tenendam
598 1777 664 1845 est,
699 1767 828 1830 obscura
858 1789 914 1830 nos
934 1770 1051 1844 dicere,
1085 1791 1164 1852 quae
1192 1793 1210 1832 a
1240 1771 1327 1834 nubis
1346 1793 1410 1834 non

283 1865 528 1948 perspiciantur,
546 1864 686 1946 iustoque
700 1863 860 1938 hectora,
880 1877 958 1945 quae
972 1885 1060 1940 rem,
1080 1883 1165 1926 nunc
1184 1865 1311 1950 qnidam
1324 1865 1414 1948 igno-

282 1967 367 2034 tam,
386 1959 560 2041 significent
580 1966 719 2032 muman,
732 1979 795 2020 non
815 1960 1012 2040 exprimant,
1032 1968 1165 2019 normam
1178 1979 1285 2022 rarum
1299 1961 1414 2042 cogni·-

283 2053 422 2129 tionem,
443 2063 580 2116 nostrum
600 2053 749 2116 sermonis
770 2053 869 2136 Latini
886 2073 974 2114 usum
995 2055 1200 2136 respicientes.
1219 2057 1412 2134 Quisantem

284 2166 347 2208 uon
367 2147 526 2230 inteiligit,
546 2169 623 2231 quas
642 2161 727 2208 nnnc
740 2147 869 2208 obscma
890 2167 1044 2221 vocamus,
1060 2148 1219 2230 perspicua
1234 2148 1414 2232 aequalibus

284 2244 348 2304 curs
369 2243 523 2324 potuisse,
544 2261 622 2326 quaa
636 2261 719 2302 nunc
731 2241 807 2302 dura
827 2239 991 2314 ridentur,
1010 2261 1048 2302 ex
1063 2251 1148 2323 parte
1161 2252 1235 2304 tunc
1249 2265 1306 2304 usu
1319 2244 1430 2305 fuisse'

284 2336 424 2411 mollitas
444 2337 537 2400 etiam
558 2335 714 2399 brevitatis
735 2335 891 2412 studium,
910 2336 995 2419 qnod
1009 2337 1137 2398 nimiam
1152 2357 1217 2402 csse
1233 2337 1413 2411 indicamus,
1524 2341 1526 2345 ’

284 2441 338 2494 aut
356 2432 479 2494 nullum
498 2441 552 2494 sat
571 2432 726 2495 modicum
748 2431 785 2492 iis
799 2430 895 2493 sideri
911 2431 1029 2514 potuit,
1050 2431 1161 2515 quibus
1181 2453 1230 2496 res
1250 2433 1334 2516 ipsae
1347 2444 1410 2494 tam

284 2535 374 2590 uotae
393 2537 514 2603 cuent,
535 2537 571 2590 ut
584 2549 646 2589 nno
667 2528 760 2591 serbo
780 2526 901 2588 abunde
920 2527 957 2588 nd
978 2527 1168 2588 intellectum
1189 2528 1411 2590 indicarentur.

232 2655 235 2664 ·
284 2621 379 2700 Quod
398 2621 528 2684 sienim
546 2633 608 2686 um
629 2623 775 2684 obscmm
794 2621 968 2704 aequalibus
988 2623 1204 2697 sisusfuisset,
1219 2645 1312 2707 quam
1332 2624 1411 2706 qui·-

284 2717 414 2780 bnsdam
436 2738 474 2780 ex
494 2717 733 2794 recentioribus,
754 2719 806 2800 qai
829 2718 974 2799 potuisset
986 2737 1147 2779 censuram
1167 2719 1351 2798 Quintiliani
1365 2721 1411 2780 ef-

284 2815 393 2894 fugere
406 2856 419 2891 ,
434 2812 489 2896 qui
506 2813 754 2896 perspicuitatem
774 2832 837 2873 aon
850 2812 956 2879 ,sotum
977 2815 1008 2872 in
1030 2823 1171 2886 oratore,
1193 2833 1298 2874 rerum
1318 2815 1410 2875 ctiam

284 2909 318 2970 in
339 2919 427 2994 po’eta
449 2910 606 2994 requirit?
625 2913 740 2993 Atque,
759 2910 784 2971 si
804 2908 945 2971 volumus
966 2931 1071 2970 rerum
1093 2912 1204 2984 fateri,
1226 2909 1292 2972 loca
1312 2933 1413 2997 aeque

284 3003 465 3067 obscurata
485 3005 644 3088 quibusvis
663 3003 839 3067 auctoribus
859 3003 1154 3086 deprehenduntur,
1174 3005 1413 3090 difficilioraqua

283 3099 394 3182 passim
415 3099 584 3180 aenigmata
598 3099 685 3161 nobis
699 3098 842 3162 solvenda
856 3099 886 3161 iu
892 3101 983 3162 issent
995 3141 1005 3173 ,
1024 3101 1083 3162 nisi
1096 3121 1131 3163 ea
1152 3110 1289 3164 veterum
1305 3123 1412 3184 gram-

283 3193 467 3256 maticarum
488 3192 646 3276 diligentia
666 3203 861 3277 occupasset,
878 3205 969 3277 atque
980 3193 1131 3278 explicata
1153 3197 1240 3258 nobis
1261 3196 1412 3259 tradidis-

284 3295 339 3348 set
361 3287 483 3348 Veram
503 3287 585 3348 enim
607 3309 680 3351 raro
702 3307 798 3370 prope
816 3287 969 3364 dixerim,
1000 3287 1147 3352 ridiculos
1165 3311 1218 3352 eos
1237 3310 1318 3364 esse,
1352 3292 1409 3373 qui

282 3381 423 3444 Persium
443 3381 618 3444 obscuritati
638 3383 786 3446 studuisse
805 3383 1005 3466 perhibeant,
1028 3393 1062 3446 ut
1080 3384 1251 3448 delatorum
1278 3385 1409 3468 perico-

247 3539 248 3542 ,
282 3473 348 3536 insa
367 3476 535 3559 effugeret,
556 3487 608 3540 aut
627 3479 759 3542 Neronis
779 3480 856 3538 iram
870 3479 1006 3540 evitaret.
1026 3481 1122 3560 Quasi
1143 3481 1208 3542 istis
1219 3482 1410 3562 temporibus

282 3571 333 3634 sal
352 3569 502 3636 levissima
520 3573 652 3657 suspicio
673 3595 737 3635 non
759 3574 820 3636 rim
842 3573 936 3656 ipsius
955 3573 1057 3638 delicti
1080 3576 1237 3651 babuerit,
1258 3585 1312 3637 aut
1326 3577 1410 3637 Pcr-

229 3744 233 3757 Ι
282 3667 345 3730 ains
362 3669 530 3734 arbitratus
559 3672 620 3748 ait,
653 3673 809 3736 Neronem
831 3669 862 3730 id
881 3689 945 3732 aon
976 3691 1039 3732 esse
1059 3669 1305 3745 intellecturum,
1325 3672 1409 3756 quod

283 3761 323 3824 ab
343 3763 484 3828 omnibus
505 3765 631 3855 reliquis
644 3765 773 3848 intelligi
787 3775 915 3848 optaret.
936 3767 1014 3827 illibi
1034 3767 1159 3850 quidem
1177 3769 1341 3830 verisimile
1354 3769 1408 3830 vi-

283 3859 395 3934 detur,
415 3860 553 3922 Persium
575 3861 614 3924 de
627 3861 754 3925 mendis
773 3863 875 3924 satiris
888 3871 1086 3944 tum„quuur
1109 3885 1159 3924 eas
1179 3865 1348 3939 scriberet,
1369 3883 1408 3926 ne

282 3955 430 4037 cogitasse
448 3955 595 4038 quidem,
623 3977 729 4018 verum
750 3958 782 4018 iu
803 3958 907 4019 animo
927 3957 1081 4032 babuisse,
1102 3959 1244 4044 aequiora
1268 3969 1408 4042 tempora

283 4060 478 4133 exspectare,
499 4061 533 4116 ut
552 4053 728 4128 luvenalis,¹
742 4061 775 4114 ut
796 4053 859 4136 ipse
880 4055 1005 4116 Tacitus
1025 4057 1116 4131 tacit,
1148 4057 1199 4118 sed
1222 4068 1320 4119 morte
1341 4060 1407 4119 eius

282 4157 475 4229 praematura
496 4145 575 4208 illud
595 4169 670 4230 opus
691 4149 902 4231 impericctum
923 4149 954 4210 in
975 4151 1142 4214 amicornm
1158 4173 1263 4214 manus
1277 4153 1407 4228 venisse,

282 4249 318 4300 ut
336 4240 400 4324 ipse
422 4241 640 4318 ritaesuctnr,
660 4243 795 4326 quisquis
817 4243 869 4305 ille
892 4243 1013 4305 tandem
1034 4246 1091 4320 sit,
1112 4257 1245 4310 testatur.
1266 4249 1350 4324 Quid
1373 4249 1405 4308 hi

282 4337 471 4399 resecuerint
490 4337 778 4402 relinmutarerint
797 4339 846 4402 rel
866 4341 1100 4423 castigaverint,
1114 4353 1166 4404 aut
1185 4344 1308 4426 quando
1329 4345 1405 4403 sati-

282 4453 331 4494 ras
352 4429 418 4496 illas
437 4432 644 4516 vulgaverint,
678 4434 733 4520 ipsi
756 4435 834 4500 vitae
852 4437 969 4499 auctori
991 4435 1130 4520 ignotum
1151 4441 1241 4502 fuisse
1271 4438 1405 4504 videtur.
