3098 5498
520 433 671 492 5021144
710 431 797 493 vttt.

772 551 781 588 t

97 628 282 702 Fortuna.
310 624 385 700 Sed
410 641 447 699 te
469 630 613 701 censeri
634 625 745 704 laude
766 647 940 723 tuorum,
1030 629 1034 640 ’

98 745 271 832 Pontice,
291 737 491 831 noluerim,
509 745 561 815 sic
588 761 630 817 ut
646 743 741 818 nihil
757 748 836 849 ipse
862 747 1012 822 futurae
1183 757 1215 805 ⁷⁵

98 856 241 932 Laudis
259 883 357 959 agas.
371 859 550 932 Miserum
570 875 625 932 est
645 858 803 936 aliorum
823 864 1041 940 incumbere
1062 863 1195 957 famae,

97 974 160 1046 Ne
179 971 347 1076 collapsa
366 991 479 1047 ruant
498 972 692 1049 subductis
713 993 809 1049 tecta
829 976 1022 1054 columnis.
1069 1020 1077 1038 ··

98 1087 249 1162 Stratus
266 1089 370 1161 humi
396 1083 537 1192 palmes
563 1087 691 1164 viduas
711 1089 1050 1168 desiderat'ulmos.

96 1205 194 1277 Esto
214 1204 337 1280 bonus
360 1197 487 1295 miles,
505 1221 610 1280 tutor
627 1203 760 1297 bonus,
779 1207 922 1282 arbiter
939 1209 1039 1282 idem

97 1319 265 1424 Integer.
285 1322 489 1422 Ambiguae
509 1324 538 1396 si
559 1321 713 1424 quando
730 1325 894 1399 citabere
914 1329 1017 1415 testis
1180 1329 1213 1382 ⁸⁰

97 1440 348 1541 Incertasque
376 1440 454 1531 rei,
479 1436 649 1512 Phalaris
666 1436 756 1512 licet
771 1442 952 1543 imperet,
978 1460 1022 1517 ut
1037 1443 1085 1518 sis

98 1553 253 1644 Falsus,
273 1571 312 1627 et
333 1553 482 1627 admoto
502 1551 619 1626 dictet
635 1555 802 1654 periuria
822 1571 952 1647 tauro,
1028 1569 1030 1574 ’

99 1671 295 1750 Summum
314 1668 426 1743 crede
450 1665 556 1742 nefas
574 1667 731 1740 animam
752 1668 945 1770 praeferre
970 1671 1110 1776 pudori

99 1789 151 1860 Et
169 1802 329 1890 propter
346 1785 458 1861 vitam
477 1782 625 1862 vivendi
645 1781 806 1887 perdere
827 1811 965 1862 causas.
1046 1831 1047 1836 =

99 1903 246 2002 Dignus
263 1916 384 1973 morte
400 1901 525 2002 perit,
542 1917 678 1973 coenet
696 1897 784 1974 licet
801 1918 924 1975 ostrea
941 1917 1092 1976 centum
1178 1907 1211 1958 ⁸⁵

101 2018 280 2090 Gaurana
299 2033 337 2089 et
362 2015 482 2090 Cosmi
510 2030 589 2089 toto
615 2032 806 2116 mergatur
824 2025 930 2090 aeno.

101 2135 326 2234 Exspectata
344 2129 411 2204 sliu
437 2130 588 2205 tandem
605 2132 799 2235 provincia
817 2159 934 2236 quum
955 2149 992 2206 te

101 2249 302 2322 Rectorem
322 2247 501 2350 accipiet,
527 2273 628 2349 pone
646 2249 724 2320 irae
742 2244 850 2320 frena
869 2247 1110 2352 modumque,

98 2365 207 2438 Pone
226 2379 263 2436 et
281 2364 456 2436 avaritiae
467 2390 477 2452 ;
505 2364 681 2436 miserere
708 2363 863 2466 inopum
882 2367 1080 2439 sociorum.

101 2482 196 2554 Ossa
214 2461 315 2554 rides
335 2505 465 2581 regum
484 2481 607 2554 vacuis
628 2496 777 2554 exsucta
793 2478 978 2555 medullis.
1176 2481 1210 2530 ⁹⁰

99 2597 258 2698 Respice
273 2651 283 2686 ,
300 2594 394 2697 quid
414 2609 591 2668 moneant
608 2591 730 2695 leges,
748 2594 842 2697 quid
863 2596 966 2668 curia
985 2593 1156 2683 mandet,

1125 429 1213 534 ¹49

99 2711 270 2784 Praemia
296 2726 436 2812 quanta
456 2709 576 2783 bonos
596 2725 783 2798 maneant,
802 2737 913 2812 quam
933 2707 1091 2782 fulmine
1110 2711 1209 2784 iusto

98 2826 149 2898 Et
168 2827 299 2928 Capito
318 2842 356 2898 et
374 2825 547 2898 Numitor
569 2826 728 2914 ruerint,
754 2821 954 2897 damnante
980 2839 1135 2913 senatu,
1173 2813 1178 2826 ⁸

134 3027 176 3079 75.
192 3027 229 3076 sie
240 3036 266 3078 tu
282 3036 308 3076 ut
327 3029 366 3077 ⁴9.
380 3025 403 3075 ei
415 3035 441 3076 tu
457 3021 521 3075 nitu
535 3027 575 3076 43.
588 3025 630 3076 20.
681 3021 713 3074 Oi
726 3018 754 3076 δὲ
767 3021 800 3076 τὰ
817 3021 879 3076 o'otai
900 3021 1079 3094 γυμνώσαντις
1098 3020 1211 3096 ἀκριβῶς

97 3109 143 3158 22.
158 3105 196 3157 ηἰ4
209 3109 251 3157 45.
679 3107 724 3160 καὶ
733 3105 943 3182 περιτραγόντες,
954 3101 978 3159 ti
989 3124 1027 3168 τις
1039 3106 1128 3175 μυελὸς
1140 3107 1211 3170 ἐνῆν,

132 3194 177 3244 84.
190 3207 290 3241 causam
307 3191 348 3242 26.
679 3189 864 3259 ἐκμυζήσαντες
875 3190 920 3242 καὶ
933 3191 1021 3242 τοῦτον
1035 3181 1063 3242 εὖ
1073 3188 1141 3258 μάλα
1154 3189 1211 3243 im·

131 3265 176 3326 8⁵⁹.
193 3284 287 3325 waram
308 3271 351 3325 vel
368 3289 450 3324 seeum
472 3289 518 3340 pro
535 3283 630 3322 muare
657 3339 659 3344 ,
679 3271 773 3340 palate,
793 3270 891 3342 ᾤχοντο
897 3309 907 3334 ,
929 3264 1087 3324 αὗοναὺτὸν
1106 3272 1211 3334 καὶτὰς

96 3355 167 3423 conj.
181 3353 318 3410 Schrader.
678 3352 749 3427 ῥίζας
782 3354 987 3424 ὑποτετμημένον
1028 3353 1209 3419 ἀπολιπόντας,

131 3443 178 3494 86,
194 3451 246 3490 toto
269 3435 352 3490 Cosmi
369 3437 511 3490 tt-ateno
531 3441 573 3491 25.
589 3441 631 3491 27.
680 3439 806 3490 Luciacus
819 3435 846 3489 iu
859 3437 1001 3490 ‘simonen
1017 3443 1042 3491 0.

96 3529 140 3577 46.
159 3529 201 3578 47-
222 3527 263 3574 49.
283 3529 324 3576 57.
340 3526 381 3577 58.
398 3525 505 3575 60-69.
523 3527 630 3576 71-74.
714 3527 754 3576 93.
770 3520 922 3576 Nuuaitcrt.
937 3525 977 3573 42.
997 3526 1106 3574 24-24.
1118 3525 1160 3575 47.
1169 3525 1211 3574 58.

96 3625 125 3662 v.
140 3607 172 3660 ad
186 3609 230 3674 111,
245 3610 306 3660 285.
579 3619 590 3636 .
682 3610 723 3659 70.
739 3611 781 3660 75.
802 3611 842 3659 76.
864 3612 906 3658 77.
930 3605 970 3655 02.
992 3603 1072 3655 Tutor
1087 3612 1125 3655 tt.
1145 3608 1211 3654 44-

133 3696 177 3746 90.
190 3691 279 3742 vidam
290 3697 335 3742 aut
347 3691 408 3743 vide
425 3692 438 3758 (
443 3691 577 3743 masidam
589 3705 631 3742 eos

96 3777 175 3842 esse)
190 3772 330 3846 legendum
349 3773 452 3844 putabat
468 3775 500 3824 ll.
514 3771 632 3833 Valet.-

96 3877 179 3911 rentm
193 3865 369 3912 75.-exsuetu
390 3863 413 3907 t.
434 3862 474 3909 tt.
489 3863 528 3910 ⁴7.
542 3861 583 3910 70.
599 3860 631 3910 75

98 3951 176 3999 -77,
186 3947 227 3994 82.
237 3951 263 3995 et
271 3941 343 4011 pauci
353 3940 471 4010 quidem,
485 3939 528 3993 scd
540 3939 633 4010 optimi

96 4025 173 4081 codd.
188 4023 267 4080 Paris.
277 4029 391 4076 mutat.
403 4029 427 4078 5.
438 4027 526 4077 4824.
537 4027 577 4077 27.
590 4026 632 4075 tt.

97 4117 141 4165 47.
158 4115 200 4164 48.
224 4111 265 4162 58.
284 4119 356 4160 cautu
373 4111 398 4160 2.
422 4109 463 4160 40.
481 4111 577 4160 tatt-
593 4109 632 4160 46.

99 4197 144 4246 20.
162 4196 204 4246 tt.
225 4195 267 4245 22.
284 4197 325 4244 29.
342 4195 384 4244 45.
405 4201 507 4241 exmtstu
528 4192 568 4239 44.
591 4194 633 4242 49.

100 4281 145 4330 23.
167 4276 283 4329 exbattettt
297 4281 339 4328 25.
354 4278 396 4326 26.
415 4279 456 4326 49.
471 4277 511 4325 50.
525 4277 633 4324 54-57.

101 4363 212 4413 59-09.
237 4361 344 4412 74-74.
368 4355 419 4409 Sed
446 4364 531 4408 nostra
558 4351 634 4406 lectio

99 4441 250 4512 exquisitior
261 4449 313 4506 est,
326 4439 388 4495 haec
397 4437 478 4510 glosa
490 4435 634 4513 vitietur-

680 3689 721 3741 20.
737 3692 778 3739 25.
794 3691 835 3740 26.
854 3691 895 3738 45.
912 3691 953 3738 46.
972 3687 1079 3738 48-50.
1102 3688 1210 3738 54-57.

682 3775 789 3823 59-69.
811 3774 919 3823 74-74.
944 3777 969 3820 et
988 3769 1014 3820 X
1036 3765 1111 3819 codd.
1132 3764 1211 3820 Paris.

681 3871 745 3923 quos
754 3851 969 3906 secutusesttah.
987 3853 1123 3918 Quaenam
1135 3847 1211 3902 lectio

682 3933 847 4005 praeferenda
871 3933 921 3996 sit,
956 3950 1010 3985 nou
1040 3940 1155 3999 constan
1184 3939 1210 3984 et

682 4027 772 4072 neutm
783 4017 868 4069 ioman
879 4015 1009 4086 probanda
1022 4024 1068 4068 est.
1082 4017 1210 4068 itomana-

682 4121 741 4155 rum
761 4111 830 4155 certe
852 4117 941 4152 rerum
964 4099 1115 4169 scriptores,
1141 4097 1211 4167 quod

683 4186 776 4250 sciam,
791 4179 873 4254 neque
886 4184 1041 4247 Numitoris,
1057 4199 1140 4253 neque
1152 4184 1206 4234 Tu-

683 4270 744 4324 toris
757 4267 917 4321 mentionem
929 4265 1039 4332 faciunt,
1051 4265 1094 4334 qui
1107 4263 1210 4319 Ciliciae

682 4351 834 4422 praefuerit:
852 4350 931 4404 lulius
947 4359 1015 4402 certe
1028 4351 1125 4410 Tutor,
1142 4351 1211 4400 Tre·

684 4434 740 4501 vir,
752 4431 785 4488 ἀν’
796 4449 848 4505 quo
858 4427 976 4486 nonnulli
992 4431 1017 4483 h.
1026 4429 1044 4482 l.
1059 4428 1210 4500 cogitarunt,
