3046 5498
317 355 354 462 ii
461 462 462 466 s
661 393 730 478 cr,
765 351 1119 460 ttrx.“nvrnart
1264 377 1278 424 a

313 597 500 694 quenali,
510 598 579 707 qui
588 599 659 678 hac
669 603 927 680 contemtione
941 616 980 677 et
996 599 1145 677 incuria
1163 599 1317 679 minime
1330 624 1483 710 paene

315 721 486 794 omnium
513 719 619 823 digni
655 737 753 795 sunt.
794 717 902 795 Illius
933 717 1029 796 odae
1056 718 1285 814 multorum,
1314 726 1483 798 satirae

314 841 429 916 unius
460 855 609 914 tantum
629 837 864 942 alteriusque
892 837 1088 940 ingenium
1116 861 1343 917 exercuere.
1394 843 1484 918 Hic

314 983 408 1034 vero
426 953 601 1031 ducentis
621 953 759 1030 abhinc
780 958 888 1030 annis
902 953 1051 1030 nullum
1068 953 1150 1030 fere
1168 974 1303 1033 nactus
1325 967 1393 1034 est
1412 961 1484 1034 in-

313 1089 523 1178 terpretem
532 1102 542 1166 3
577 1091 616 1148 et
633 1071 768 1178 quales
800 1076 942 1148 antea?
968 1073 1038 1175 qui
1070 1099 1197 1178 neque
1225 1074 1348 1150 verba
1383 1079 1484 1154 eius

314 1185 518 1292 diligenter
546 1189 727 1294 expiscati
756 1207 870 1284 suut,
899 1213 1026 1292 neque
1058 1185 1197 1262 horum
1226 1193 1484 1266 sententiam

315 1305 406 1381 satis
428 1303 708 1410 explanarunt,
729 1304 795 1380 sed
814 1305 940 1410 potius
959 1305 1091 1379 satiras
1109 1301 1212 1378 illius
1235 1307 1389 1408 argutis
1405 1337 1485 1384 va-

311 1447 448 1525 naque
469 1422 646 1498 doctrina
662 1421 781 1502 veluti
801 1422 1017 1498 obruerunt
1037 1437 1076 1495 et
1095 1419 1316 1498 obscurasse
1339 1428 1482 1529 magis

314 1537 437 1616 videri
455 1556 614 1644 possunt
633 1566 749 1642 quam
769 1535 992 1634 illustrasse⁸⁴
1010 1535 1309 1613 Desiderabatur
1323 1540 1480 1618 adhuc

315 1655 459 1748 editi0,
476 1658 518 1730 iu
535 1685 613 1762 qua
631 1673 712 1731 tum
731 1671 875 1745 textuS,
891 1674 936 1730 ut
961 1651 1075 1758 vulgo
1096 1651 1250 1744 dicunt,
1271 1655 1321 1730 ad
1342 1656 1474 1733 [idem

314 1771 510 1850 honorum
529 1771 706 1849 codicum
724 1769 904 1876 legesque
923 1772 1013 1846 artis
1037 1787 1258 1848 constanter
1278 1799 1477 1852 recense-

314 1907 427 1966 retur
446 1907 485 1966 et
501 1893 589 1968 vitia
609 1888 817 1970 vulnerare
835 1915 916 1964 non
934 1887 1134 1964 manifesta
1152 1886 1297 1981 solum,
1313 1889 1389 1966 sed
1407 1889 1470 1966 la-

314 2009 434 2086 tentia
454 2033 612 2113 quoque
632 2023 872 2098 sanarentur3
892 2024 972 2082 tum
987 2007 1122 2082 satirae
1134 2004 1236 2108 ipsae
1254 2025 1462 2113 perpetuo

302 2121 604 2238 ,explicarentur
632 2124 926 2215 commentario,
960 2124 1028 2226 qui
1068 2120 1329 2200 adolescentes
1366 2151 1464 2202 cum

313 2241 474 2334 fructu,
491 2239 688 2347 voluptate
710 2268 902 2344 sensuque
921 2241 999 2318 veri
1012 2266 1055 2316 ac
1073 2238 1226 2344 pulchri
1241 2267 1302 2318 eas
1322 2239 1461 2347 legere

316 2375 356 2436 et
373 2383 453 2436 non
473 2358 586 2436 modo
598 2358 866 2463 singula,quae
878 2375 954 2434 tam
974 2359 1015 2432 in
1035 2375 1272 2460 argumento,
1284 2385 1403 2461 quam
1413 2363 1460 2436 in

319 2477 549 2552 tractatione
568 2500 798 2582 magnopere
817 2475 1013 2566 differunt,
1023 2471 1250 2575 intelligere,
1264 2474 1331 2549 sed
1341 2480 1458 2554 etiam

224 2669 231 2684 ,
317 2592 524 2670 cuiuslibet
544 2589 699 2696 eclogae
712 2621 894 2702 summam
913 2617 956 2666 ac
971 2595 1129 2668 virtutes
1142 2615 1377 2694 cognoscere
1389 2591 1457 2671 do·

315 2726 439 2801 cerret,
459 2735 558 2813 quae
573 2736 653 2785 non
670 2726 746 2784 tam
757 2703 914 2813 singulis
926 2709 1120 2786 sententiis
1132 2729 1308 2788 earumve
1328 2735 1452 2787 enun·
1486 2733 1487 2736 ’

314 2829 474 2906 datione
495 2845 611 2932 atque
632 2829 852 2908 inventione
870 2828 1140 2917 continentur,
1158 2852 1273 2928 quam
1294 2817 1446 2904 illarum

304 2947 643 3048 'coagmentatione
663 2963 702 3020 et
728 2948 894 3050 partium
922 2971 1008 3020 cum
1040 2969 1196 3021 summa.
1212 2943 1445 3049 consilioque

312 3063 495 3169 primario
514 3062 779 3167 congruentia.
796 3065 855 3140 Ad
874 3059 1057 3139 eiusmodi
1077 3059 1284 3138 editionem
1302 3089 1358 3136 me
1376 3061 1442 3137 ad·

313 3181 472 3283 spirasse
492 3205 572 3254 non
590 3180 841 3274 dissimulavi,
861 3184 926 3258 sed
954 3203 1174 3256 severorum
1195 3197 1254 3252 me
1273 3177 1438 3254 iudicum

314 3294 512 3372 desideriis
530 3297 1002 3402 votisquesatisfacturum
1014 3321 1093 3370 esse
1112 3320 1184 3370 nec
1201 3297 1347 3399 speravi
1368 3323 1447 3371 un-.

314 3441 454 3518 quam,
480 3439 553 3488 nec
573 3441 727 3519 sperare
745 3419 866 3520 potui.
914 3417 1123 3489 Contentus
1143 3439 1246 3486 eram
1267 3414 1436 3490 muniisse

312 3535 412 3612 viam
433 3547 472 3605 et
488 3529 736 3607 fundamenta
755 3533 863 3638 quasi
884 3534 1032 3624 iecisse,
1052 3529 1191 3633 quibus
1212 3545 1438 3633 superstrue-

313 3665 424 3726 retur
445 3649 493 3724 ab
512 3647 592 3726 aliis
612 3649 747 3727 melius
767 3649 977 3728 aedilicium
1005 3666 1044 3724 et
1061 3647 1319 3724 adiicerentur
1335 3647 1429 3740 haec,

313 3765 381 3842 illa
400 3765 658 3846 demerentur.
706 3772 806 3846 Raro
838 3772 950 3845 etiam
981 3767 1224 3842 humanitatis
1251 3764 1431 3872 exemplo,

313 3887 421 3961 cuius
448 3888 656 3988 gratissima
690 3915 889 3993 nunquam
914 3887 1095 3962 memoria
1129 3913 1174 3960 ex
1203 3909 1287 3959 meo
1316 3887 1430 3960 effluet

312 4005 458 4094 animo,
480 4020 584 4079 tanta
602 4006 692 4080 mihi
712 4007 951 4113 suppeditata
980 4023 1062 4080 erat
1080 4007 1300 4080 criticorum
1326 4003 1426 4080 subsi-

312 4121 466 4198 diorum
486 4125 621 4228 copia,
642 4142 685 4200 ut
704 4125 887 4200 decimam
908 4127 968 4204 vix
988 4144 1135 4231 partem
1156 4127 1333 4228 cuiquam
1349 4149 1425 4218 con·

217 4275 219 4280 ·
312 4241 441 4341 tigisse
461 4241 711 4334 crediderim,
728 4236 795 4348 qui
813 4260 900 4318 ante
925 4269 983 4318 me
1004 4247 1204 4319 accesserit
1225 4243 1273 4317 ad
1292 4253 1421 4348 po'c'tam

312 4353 515 4438 ¹edendum.
552 4361 733 4438 Omnium
753 4387 867 4456 vero,
891 4387 988 4483 quos
1009 4387 1177 4469 unquam
1198 4359 1363 4454 exhausi,
1377 4355 1420 4442 lt·
