3056 5490
551 465 702 525 ιιιίιιι
739 464 777 524 v.
1116 432 1211 562 437

95 665 245 756 Officia,
265 680 381 767 atque
399 687 508 738 usum
527 664 681 768 rapidae
702 666 923 770 permittere
941 661 1051 743 vitae·

94 773 333 858 sambucam
339 783 447 856 citius
467 759 588 856 caloni
607 783 792 886 aptaveris
812 781 899 859 alto.
1183 824 1216 872 95

93 900 177 974 Stat
195 917 330 976 contra
351 902 469 996 ratio,
487 917 525 974 et
543 915 724 975 secretam
743 903 875 1002 gannit
894 902 935 974 in
950 901 1103 976 aurem:

90 1017 150 1090 Ne
167 1011 281 1090 liceat
299 1014 424 1090 facere
445 961 484 1089 id
502 1014 622 1119 quod
626 1019 712 1119 quis
730 1015 875 1091 vitiabit
894 1017 1053 1118 agendo.

87 1130 247 1206 Publica
264 1129 325 1204 lex
343 1131 537 1206 homiuum
555 1147 767 1233 naturaque
787 1132 958 1206 continet
978 1132 1051 1206 hoc
1070 1129 1148 1222 fat,

90 1249 145 1322 Vt
164 1264 290 1322 teneat
310 1247 441 1326 vetitos
457 1249 603 1322 inscitia
614 1245 756 1322 debilis
775 1263 913 1338 actus„

90 1497 150 1560 oia,
176 1495 195 1548 i.
220 1511 244 1546 e.
270 1493 354 1546 offitia
379 1493 504 1548 tenuium
523 1508 628 1562 rerum3
678 1495 704 1547 bt
724 1495 743 1550 Ι.
757 1493 920 1568 philosophia
942 1495 1043 1563 Stoica,
1063 1491 1110 1552 aed
1125 1489 1227 1552 eenuu⁸

89 1579 221 1632 rationem
243 1577 337 1648 agendi
355 1587 540 1649 praeceptaque
558 1579 627 1631 ritae
678 1581 840 1643 commuuio,
860 1580 902 1637 oui
915 1579 981 1638 illud
993 1580 1081 1653 prius,
1100 1591 1130 1635 ut
1143 1601 1214 1636 com·

90 1666 122 1716 in
136 1664 213 1718 rebua
224 1662 333 1716 minutis
340 1661 629 1732 qffiroennllialegibue
678 1671 803 1716 monstrat
820 1663 926 1730 Noster,
943 1675 1079 1736 repugnat.
1102 1667 1211 1736 gumiz,

92 1749 180 1801 caveri
198 1757 318 1818 potsunt,
335 1763 401 1814 quae
418 1755 536 1798 tamena
560 1743 629 1798 bono
677 1755 811 1814 sumptum
826 1764 847 1797 ιι
868 1747 988 1813 canibus,
1006 1747 1050 1818 qui
1075 1750 1216 1818 guntinus

92 1841 121 1884 et
135 1829 249 1902 aaprenle
275 1829 441 1883 nullomodo
461 1827 560 1899 negligi
578 1828 625 1880 de·
677 1830 832 1901 tinguntur,
847 1831 982 1900 quando
965 1849 997 1884 ιιι
1013 1830 1110 1900 aliquod
1124 1829 1211 1900 dupli

91 1887 166 1968 berit.
188 1916 241 1967 Cic.
263 1913 383 1986 paradox.
412 1919 436 1966 3.
459 1911 499 1966 ὅτι
524 1897 569 1964 loa
593 1913 627 1965 roi
677 1922 726 1966 oet.
744 1913 838 1966 Catuli
848 1913 990 1977 LXXXIII,
1003 1921 1028 1968 4.-
1048 1912 1212 1984 Euprapbius

91 1997 276 2094 ἁμαρτήματα.
308 1998 452 2068 Id(quod
474 1995 627 2063 nonlicet)
677 1994 709 2046 ad
726 1999 832 2049 Terent.
847 1998 893 2060 lV,
914 2001 939 2049 2.
956 2005 994 2051 t'r‘.
1016 1991 1082 2049 illud
1098 2013 1146 2066 per
1166 1996 1209 2046 od·

91 2085 114 2132 ri
127 2085 268 2134 momulus
289 2087 427 2134 neominue
442 2067 636 2152 wnquomfieri
677 2092 812 2132 murmurat
813 2079 1021 2149 ,.lnterpretatur
1055 2083 1213 2132 recretomin

90 2177 188 2234 potest,
213 2167 330 2235 quoniam
347 2167 373 2215 ιίι
390 2183 420 2216 eo
432 2177 468 2216 eet
480 2175 624 2234 peceatum,
676 2183 768 2217 werra
802 2183 967 2218 namtarum
992 2166 1211 2218 communierunt

91 2254 115 2302 ti
136 2268 187 2302 nort
201 2250 287 2316 Ιίοιιιι,
310 2251 377 2321 quod
402 2261 584 2319 aemperwrum
602 2257 627 2298 et
676 2256 822 2300 eotantnm
843 2247 973 2316 loquitur,
1000 2246 1042 2299 cui
1060 2245 1143 2310 inem
1161 2245 1216 2298 boc.

92 2331 161 2383 idem
176 2343 225 2399 est5
244 2350 307 2400 «μοι
319 2349 350 2382 ex
363 2350 391 2384 eo
402 2343 507 2400 peccota
522 2346 625 2380 norome-
676 2328 733 2382 lorn
746 2330 825 2400 igitur
834 2341 967 2400 tamquam
978 2328 1076 2382 amicus
1084 2329 1211 2398 cogitatur

88 2427 147 2478 tur,
167 2417 281 2484 aequalia
299 2417 348 2466 rint
361 2427 465 2483 oportet.
488 2415 539 2483 Qui
553 2416 625 2466 enirn
676 2414 781 2466 auribus
803 2416 979 2466 insusurrans.-
1007 2411 1067 2466 lnde
1088 2425 1208 2466 secutam

90 2497 134 2552 vel
154 2499 182 2554 in
204 2499 318 2552 minimis
336 2499 412 2552 rebus
426 2510 527 2568 peccat,
543 2498 621 2550 ratio·
676 2509 714 2551 ost
726 2496 915 2568 explicandum.

88 2601 154 2636 nem
174 2601 226 2636 non
250 2583 382 2652 requitur,
413 2594 520 2637 naturae
544 2581 625 2652 igitur
709 2577 1206 2652 97.puodqnisvitioditogendoaimpl.

88 2685 145 2720 ιιοιι
169 2667 357 2720 convenienter
380 2667 462 2734 vivit,
490 2684 551 2736 ergo
577 2685 625 2720 neo
675 2685 735 2736 pro:
752 2665 822 2734 quod
839 2665 896 2734 quio
913 2663 996 2718 faeere
1012 2666 1103 2716 nescit.
1121 2664 1207 2715 Com-

88 2751 192 2849 rapient
208 2761 245 2804 ert
262 2769 310 2803 nec
330 2749 404 2802 liber.
419 2752 513 2816 attritio,
526 2769 620 2802 monu-
675 2749 880 2803 mentatii'loco
905 2759 986 2818 potest
1010 2766 1065 2802 eaae
1081 2745 1155 2800 Plato
1178 2746 1207 2798 irt

88 2853 175 2888 ιιιιιιιι
185 2847 210 2888 et
221 2835 254 2888 ad
265 2836 419 2906 septentiam
430 2835 543 2888 rudibus.
555 2850 624 2886 usim
675 2833 766 2904 Lystd.
784 2853 809 2904 p.
834 2837 893 2886 225.
915 2834 947 2886 T.
966 2833 999 2884 V.
1027 2830 1069 2884 ed.
1089 2829 1148 2901 Bip.
1178 2841 1212 2882 ut.

86 2921 229 2988 punitum
244 2923 324 2985 ritae,
340 2921 491 3006 permittere
508 2929 537 2972 ut
549 2935 623 2972 vrvaa
674 2927 742 2972 totus
764 2916 882 2989 dialogus
905 2914 1019 2986 amplam
1045 2914 1092 2968 bac
1119 2915 1152 2966 de
1178 2927 1207 2966 re

87 3003 130 3054 uti
147 3001 218 3054 velia.
673 3002 816 3056 meditandi
830 3002 964 3055 materiam
976 3000 1078 3054 adtente
1092 2999 1203 3073 legenti*

123 3089 165 3137 95.
194 3081 314 3138 &rubruc
338 3093 392 3138 erat
416 3087 621 3140 inatnrmeotnm
672 3091 721 3144 buo
736 3090 917 3161 subpeditabit

87 3167 225 3222 musicum.
248 3170 359 3222 Sensus:
381 3171 456 3222 citius
469 3169 576 3237 seceris,
593 3181 622 3222 ut
706 3179 747 3227 98.
762 3173 868 3225 Publica
880 3173 924 3223 leo
935 3172 1060 3224 tamtum
1074 3183 1206 3241 neutroque

88 3253 210 3307 cambuca
226 3255 283 3325 apta
304 3257 337 3308 alt
350 3255 451 3321 caloni;
473 3265 502 3308 nt
518 3257 621 3310 rambu-
672 3257 740 3312 nibil
751 3255 820 3310 eliud
832 3266 977 3326 potestesse
988 3255 1039 3310 niti
1053 3255 1110 3320 lex,
1125 3275 1206 3326 quarn

87 3357 146 3392 cam
160 3340 354 3393 mactaretcint.
381 3341 502 3394 Ceterum
516 3359 620 3410 compa·
671 3355 763 3397 natura
788 3343 907 3394 omniurn
939 3340 1078 3394 bominum
1109 3341 1205 3394 animia

87 3423 156 3478 mtio
170 3423 236 3476 vitae
254 3435 314 3476 oum
335 3423 507 3478 inotnrmento
521 3424 619 3478 musico
670 3425 812 3495 insculpsit.
849 3427 956 3478 coracinet
973 3425 1020 3476 boo
1030 3424 1095 3494 fao,
1118 3421 1205 3492 simpl.-

86 3501 154 3556 bene
165 3505 281 3558 instituta
290 3515 343 3569 emt
357 3507 385 3558 in
400 3507 452 3558 vita
464 3507 535 3560 enim
548 3505 623 3558 octio—
674 3530 720 3582 pm
739 3512 868 3582 praecipit.

85 3605 168 3654 num,
190 3593 218 3643 in
235 3587 408 3642 instrumento
429 3589 527 3644 musico
544 3607 618 3643 sono·
703 3601 746 3648 99.
762 3598 862 3647 totototo
882 3595 979 3647 notitia
1003 3591 1107 3645 loooitia
1121 3589 1207 3646 reddit

84 3690 147 3724 rum
174 3682 313 3726 oonoentuo
342 3672 492 3743 requiritur.
537 3675 621 3727 coloni
671 3680 790 3734 hominen
808 3679 878 3748 quari
893 3677 991 3731 debiles
1004 3695 1050 3732 reu
1061 3675 1161 3746 ineptos
1172 3674 1205 3726 ad

85 3756 156 3820 alto,
181 3755 281 3810 bomini
293 3758 413 3809 omnium
430 3775 518 3810 rerum
532 3758 622 3828 ignaro
670 3781 727 3815 rem
740 3763 853 3830 aliquam
866 3760 1035 3814 tractandam.
1069 3773 1205 3814 teneatue-¹

86 3850 115 3894 et
138 3840 256 3910 tumido,
279 3843 322 3895 cui
346 3842 485 3912 proceritas
508 3842 621 3912 corporis
670 3851 729 3900 titos
740 3859 822 3911 ooteu,
836 3845 959 3899 abstineat
973 3864 988 3898 a
1002 3845 1103 3911 aetitia,
1115 3844 1147 3898 ab
1161 3843 1204 3906 iia,-

85 3943 142 3978 non
154 3937 309 3980 ornamento
322 3938 377 3992 eat,
394 3927 438 3980 aed
452 3927 581 3980 dedecori.
595 3947 620 3980 v.
670 3947 735 3999 quae
755 3939 865 3983 tractare
882 3928 977 3998 nescit·
999 3927 1035 3981 sio
1059 3931 1151 3984 Horat.
1176 3927 1205 3978 in

84 4009 157 4062 infra
180 4014 237 4070 ⁴90
266 4009 376 4064 Calones
389 4029 524 4068 servorum
540 4029 621 4081 genua
672 4024 725 4066 arte
738 4018 813 4067 riumr
823 4018 933 4066 terrentia.
959 4012 1045 4066 Etiam
1059 4011 1127 4082 apud
1140 4031 1199 4082 pro·

84 4104 179 4158 erant,
195 4113 307 4164 quorum
319 4113 380 4148 naua
391 4107 446 4148 erut
458 4115 486 4148 ιιι
503 4097 621 4166 gestatio·
670 4098 751 4152 calcor
781 4115 857 4186 paepe
890 4097 1005 4151 obcurrit
1030 4109 1111 4148 terrere
1139 4113 1202 4166 pror

84 4177 172 4230 nibus.
185 4179 276 4231 Senec.
285 4177 366 4248 Epist.
383 4184 439 4232 tit.
447 4179 542 4233 Cohors
553 4180 620 4242 cultu
671 4165 798 4238 abitinere
825 4192 851 4236 ot
867 4182 1008 4237 continere
1041 4181 1086 4234 Hir
1102 4179 1208 4234 duobus·

81 4280 223 4329 servorum,
250 4263 339 4314 kotiro
358 4266 479 4335 formosis
504 4267 620 4335 imposita
670 4265 786 4320 versibus
802 4263 873 4317 idem
890 4262 981 4334 plane,
1007 4263 1120 4318 dictione
1140 4271 1199 4315 tan·

81 4347 220 4400 uolonibus.
669 4347 844 4415 tumvariata,
860 4365 1008 4419 expressum
1021 4359 1068 4400 eet.
1094 4348 1202 4409 Vereor,

119 4437 159 4483 96.
179 4431 235 4485 Stat
245 4446 332 4486 contra
342 4438 414 4488 ratio.
432 4433 489 4488 Non
504 4443 541 4489 erl
552 4438 617 4490 ratio
671 4441 794 4491 nto-97.
812 4443 838 4490 et
855 4440 897 4489 98.
923 4435 974 4492 aiut
991 4433 1102 4488 innituit.
1147 4469 1166 4496 ,-
