3108 5494
551 403 704 465 scuras
740 405 796 464 ra
1166 373 1226 498 87
1314 385 1319 400 ’

108 605 318 681 Personam
335 600 738 705 thyrsumquetenent
756 615 795 676 et
811 597 980 706 subligar
997 601 1098 678 Auel.
1199 621 1237 694 ,θ’

108 720 277 796 Vrbicus
293 718 430 796 exodio
449 719 574 795 risum'
583 735 708 796 movet
725 715 922 794 Atellanae

110 837 291 912 Gestibus
308 837 525 912 Autonoes:
544 835 648 910 hunc
666 833 791 937 diligit
809 834 914 910 Aelia
933 862 1091 941 pauper.

111 951 283 1030 Solvitur
300 951 357 1026 his
370 975 506 1054 magno
523 948 695 1028 comoedi
714 948 841 1026 fibula.
863 951 983 1043 Sunt,
1001 979 1101 1056 quae

111 1069 403 1172 Chrysogonum
419 1085 573 1144 cantare
591 1084 731 1142 vetent.
750 1065 923 1172 Hispulla
943 1068 1125 1170 tragoedo

110 1183 278 1260 Gaudet.
297 1185 357 1258 An
376 1200 585 1289 exspectas,
600 1201 644 1262 ut
662 1182 917 1280 Quintilianus
935 1187 1101 1260 ametur?
1202 1219 1234 1270 st

110 1301 265 1404 Accipis
281 1326 459 1406 uxorem,
476 1299 525 1376 de
542 1329 621 1406 qua
636 1298 873 1378 citharoedus
893 1299 1039 1374 Echion

111 1421 192 1496 Aut
208 1417 426 1522 Glaphyrus
445 1416 510 1496 fiat
529 1431 638 1522 peter
654 1416 948 1522 Ambrosiusque
967 1415 1180 1494 choraules.

114 1535 249 1637 Longa
268 1560 340 1639 per
357 1551 533 1645 angustos
552 1533 705 1638 figamus
720 1523 870 1638 pulpita
890 1535 1019 1608 vicos:

115 1652 317 1726 Ornentur
333 1668 459 1756 postes
476 1666 516 1726 ct
532 1648 667 1752 grandi
688 1647 945 1740 iaroslawo,

113 1768 170 1840 Vt
188 1765 404 1844 testudineo
421 1766 515 1860 tibi,
532 1764 695 1842 Lentule
707 1821 717 1858 ,
730 1781 905 1870 conopeo
1203 1797 1237 1850 ao
1337 1787 1340 1794 ⁴

113 1879 265 1958 Nobilis
283 1879 494 1984 Euryalum
511 1879 777 1957 mirmilloncm
794 1883 980 1986 exprimat
998 1879 1135 1956 infans.

168 1999 298 2102 Nupta
317 1998 491 2076 Senatori
509 2002 685 2074 comitata
702 2014 759 2074 cst
777 1999 916 2102 Hippia
935 1995 1100 2072 Ludium

116 2110 180 2186 Ad
197 2112 351 2191 Pharon
370 2130 409 2189 et
424 2111 552 2191 Nilum
569 2113 785 2218 famosaque
805 2113 954 2190 moenia
973 2113 1085 2215 Lagi,

117 2231 299 2336 Prodigia
317 2248 355 2308 et
374 2258 496 2308 mores
513 2231 626 2306 Vrbis
645 2229 848 2320 damnante
867 2231 1034 2336 Canopo.

118 2347 324 2424 immemor
340 2347 406 2424 illa
426 2347 559 2424 domus
577 2364 616 2424 ct
631 2348 804 2451 coniugis
820 2364 935 2451 atque
955 2345 1097 2422 sororis
1206 2377 1238 2430 05

116 2461 186 2540 Nil
204 2465 345 2570 patriae
364 2463 542 2556 indulsit,
560 2463 833 2572 plorantesque
852 2463 1026 2569 improba
1045 2477 1176 2551 natos,

118 2583 254 2685 thue
273 2585 383 2685 magis
401 2599 571 2687 stupeas,
587 2579 699 2658 ludos
718 2579 969 2681 Paridemque
987 2577 1158 2682 reliquit.

1 2806 2 2819 ἵ
116 2695 197 2772 Sed
215 2725 446 2802 quamquam
458 2701 501 2774 in
517 2699 660 2802 magnis
676 2695 813 2803 opibus
835 2695 1041 2816 plumaque
1060 2709 1220 2798 paterna

152 2937 368 3010 malarumque
386 2951 470 3010 pauori
491 2943 531 2991 49.
547 2965 582 2982 ·-
595 2937 658 2992 Arci
743 2942 785 2992 82.
802 2937 894 3008 dysme,
915 2935 1018 3007 Yppic‚
1031 2935 1117 3008 Eppia
1124 2974 1134 2999 ,
1147 2935 1243 3005 Appia,

119 3025 164 3076 27.
176 3029 219 3078 47.
237 3022 307 3076 Απιί
321 3027 363 3078 24.
375 3025 431 3076 Axi
446 3029 486 3078 46.
503 3023 599 3076 Aecum
615 3027 659 3076 22.
707 3021 823 3093 Hsppia,
840 3021 941 3092 Ht'spiu,
959 3021 1083 3092 Hippiae,
1099 3017 1187 3090 Oppia
1200 3016 1245 3070 alil

118 3107 194 3160 Α...
207 3113 250 3162 ss.
265 3114 307 3162 rs.
321 3107 393 3162 Aera
414 3115 438 3161 4.
455 3107 527 3166 Aac·
539 3105 659 3161 nattam
708 3106 736 3159 t.
754 3104 772 3158 t.
788 3123 814 3158 v.
834 3109 893 3159 tot.
912 3109 967 3158 444.
986 3115 1013 3158 a
1029 3105 1064 3170 x,
1085 3107 1144 3156 aas.
1163 3131 1194 3144 -
1206 3103 1244 3152 u-

117 3193 200 3245 varia-
223 3191 383 3246 4644444444
414 3191 525 3256 Aetas,
552 3191 657 3256 Aestus,
709 3190 1000 3242 donicatus-⁴7.
1021 3189 1245 3239 as-at.at.ss.
1375 3211 1379 3218 -

119 3276 225 3344 Attius,
245 3279 335 3331 Atius:
358 3277 392 3332 de
412 3295 465 3346 quo
484 3295 511 3330 v.
524 3279 613 3330 Burro.
626 3275 659 3330 ad
708 3275 903 3332 ,464744450-
918 3276 960 3325 54.
976 3275 1018 3324 65.
1032 3273 1074 3322 62.
1092 3271 1133 3323 64.
1156 3271 1198 3321 72.
1219 3273 1247 3318 et
1368 3263 1377 3285 ‘

119 3360 197 3432 Vir-g.
221 3361 290 3414 Aen.
311 3363 345 3428 V,
368 3367 426 3416 668.
453 3369 481 3414 ct
503 3357 535 3416 ad
552 3363 658 3414 Sueten·
711 3351 1246 3424 multiaodd.PariaprolnSslmaaquem

120 3443 193 3514 Aug.
211 3463 235 3498 a.
248 3451 272 3498 4.
711 3439 740 3492 in
756 3441 858 3494 Cornan.
876 3437 993 3502 laudavi,
1009 3446 1039 3488 ut
1055 3436 1127 3489 ludus
1146 3433 1247 3487 dicatur

158 3533 203 3580 74.
217 3527 354 3580 Atellam
361 3565 372 3592 ,
388 3547 415 3581 v.
432 3545 487 3599 sup.
506 3526 539 3582 sd
552 3529 571 3597 1,
586 3534 610 3582 3.
711 3543 759 3594 pro
771 3523 851 3588 tuta,
867 3519 1093 3592 quemadmodum
1105 3537 1185 3588 regna
1199 3535 1247 3584 pro

61 3674 70 3685 ι
157 3619 203 3665 74.
217 3626 304 3665 vetum
322 3618 363 3666 46.
382 3618 423 3666 46.
434 3619 462 3667 47
477 3631 492 3666 a
505 3632 539 3666 m.
553 3629 603 3666 sec.
621 3617 661 3666 49.
712 3607 812 3679 regidos
824 3615 850 3658 et
869 3601 964 3658 similia
980 3603 1074 3674 passim
1091 3601 1174 3656 obvia.
1195 3597 1247 3652 Sed

122 3698 168 3748 22.
181 3701 226 3749 45.
540 3685 543 3690 ’
712 3691 799 3744 ludum
821 3688 963 3758 repostum
995 3685 1119 3740 videntur
1148 3679 1248 3735 librarii

160 3781 203 3830 75.
219 3776 454 3847 exspectaculo.
669 3819 673 3828 .
713 3785 799 3828 metro
811 3771 940 3826 timentes.
952 3771 1058 3823 Ludium
1071 3764 1246 3824 vamteatt·

159 3867 204 3914 77.
207 3862 262 3934 fiet
276 3867 317 3914 24.
326 3889 361 3903 -
373 3860 544 3914 Ambrosium
558 3857 663 3912 emend.
714 3857 793 3928 λαβος
807 3876 856 3912 vox
872 3866 926 3918 est,
940 3852 1068 3908 efferenda
1084 3870 1132 3923 per
1143 3850 1249 3911 συνίζη-

122 3943 261 3998 H.Vales.
716 3959 767 3995 otu.
789 3940 829 3995 Cf.
844 3942 891 4003 xl,
917 3943 957 3992 20.
978 3947 1005 3990 at
1020 3955 1076 4007 sup.
1097 3933 1130 3988 ad
1147 3934 1249 3998 1V,ss.

161 4033 206 4084 76.
226 4030 345 4100 figauuar
365 4035 408 4083 77.
423 4037 449 4082 et
467 4029 503 4082 ita
517 4025 622 4082 emend.
635 4027 664 4080 C.
717 4025 799 4080 ladio
810 4034 898 4078 tamen
910 4041 937 4076 v.
951 4028 1007 4076 sot.
1021 4017 1188 4096 τρισύλλαβος
1201 4026 1249 4069 ast.

123 4111 216 4166 vales.

163 4201 206 4250 st.
223 4208 249 4247 es
260 4196 429 4248 monitoriam
444 4203 485 4247 44.
498 4205 540 4246 aa
553 4193 662 4246 4444444444-
751 4176 958 4248 8³·s‘³‘''⁸⁰⁸“t'¹e
974 4169 1187 4244 assumamque
1205 4169 1249 4220 ²²·

123 4281 212 4332 unam
239 4284 411 4333 sosas-⁴7.
438 4282 545 4332 ss-ss.
565 4281 606 4332 as.
623 4281 665 4330 2⁷.
718 4263 761 4316 ⁸⁵·

126 4369 241 4418 45-49.
264 4367 374 4420 64-60.
391 4365 484 4419 6465.
499 4359 542 4416 m'c
558 4363 668 4438 myrmi·
754 4365 795 4415 tt.
817 4356 902 4409 4444444444
926 4358 966 4406 44.
991 4347 1114 4404 Paridem
1132 4347 1251 4424 laudesque

128 4447 221 4501 domem
237 4451 279 4503 24.
720 4447 762 4498 ²5.
776 4447 817 4496 tt.
831 4445 873 4494 46.
882 4445 922 4504 57,
931 4440 973 4490 48.
985 4438 1145 4490 ⁵4-60.tt.
1158 4436 1201 4487 66.
