3108 5494
529 387 685 456 ιιιιιιι
719 393 764 456 ιι.
1134 351 1211 494 Γιι

77 589 238 664 qnftmtm
249 591 327 646 ιιίιιιιι
342 587 519 646 sumnum
530 603 629 646 mnam
646 591 810 656 Donatista,
832 609 894 648 sotus
905 596 965 648 satis
984 593 1068 672 eloquit
1087 590 1215 652 lo.·Guil.

78 674 265 746 Hqffmanrnu
280 675 317 727 ad
328 671 361 726 Ia.
381 673 476 728 Iuliam
495 695 519 728 o.
542 673 596 739 IX.
612 675 636 746 ς.
653 679 686 741 5,
706 693 756 729 non
775 688 859 730 tamen
875 679 901 730 in
918 696 947 731 eo
963 680 1222 751 satisfacierts,quo‹l¹

76 777 164 828 paene
176 759 278 810 trullam
290 757 321 810 ob
337 774 440 810 canuam
451 758 534 810 eidem
547 775 613 810 αιιιιο
625 759 709 810 tribuit
720 763 913 827 revocationem,
927 781 975 831 quo
989 763 1149 814 Domitianis
1160 761 1216 814 IX.

79 838 182 892 Conna
196 837 272 910 finit,
296 838 343 890 lsoo
356 850 392 890 est
412 840 435 889 ei
448 841 496 910 ipsi
513 857 593 902 anno,
606 857 678 909 quem
697 840 825 893 meliorem
838 842 869 892 ob
886 860 986 892 cursam
1006 841 1116 893 diximus
1132 853 1215 894 antea.

78 919 144 971 Iam
159 939 227 972 vero
238 921 343 972 intuenti
350 923 500 976 teterrinum
512 921 604 972 vultrun
616 921 719 973 istorion
731 935 879 991 temporina,
889 922 924 973 ad
930 925 1040 975 animum
1050 927 1220 994 iucornspusm

79 1003 151 1056 niltil
163 1002 284 1054 neddere
296 1015 394 1072 poterat
408 1003 587 1068 intolerabilius
597 1003 709 1074 nihilque
719 1005 798 1056 acrius
807 1004 1006 1073 indignationem
1018 1023 1114 1056 mouere
1120 1043 1129 1068 ,
1140 1023 1217 1075 quum

78 1085 153 1155 quod
166 1097 310 1155 spreturus,
326 1087 369 1154 qui
381 1085 463 1138 bellua
475 1098 554 1150 esset,
566 1104 617 1138 non
628 1086 719 1152 Ιιοιιιο,
737 1098 760 1138 et
772 1087 807 1138 ad
818 1105 896 1158 gertus
907 1105 980 1140 οιιιιιι
989 1089 1090 1157 flagitii
1107 1091 1217 1158 usrpitu-

80 1169 209 1236 diesisque
226 1179 299 1219 natus
315 1183 367 1218 esse
383 1167 524 1230 videretur,
542 1167 602 1220 dum
618 1169 729 1238 quotidie
747 1171 799 1239 ipse
824 1169 951 1222 dirissima
971 1188 1080 1222 semmae
1092 1173 1119 1222 in
1133 1173 1217 1222 umiae

83 1249 209 1320 esempla
223 1248 370 1320 praeberet,
390 1250 466 1302 simul
483 1263 565 1302 tumen
582 1270 678 1304 ιινιηιι
698 1253 793 1304 virtutis
809 1252 901 1304 uirides
913 1272 943 1304 ae
958 1270 1054 1304 monim
1064 1271 1110 1322 per
1133 1253 1218 1305 orbem

81 1341 220 1384 corrector
232 1333 405 1400 restitutorque
417 1330 500 1382 videri
513 1330 596 1384 veliet.
623 1329 716 1384 Attus
729 1332 761 1384 ab
773 1333 889 1404 Augusto
900 1331 958 1384 indo
971 1333 1145 1401 imperatores,
1158 1331 1218 1382 licet

17 1437 22 1452 ·
82 1414 191 1484 reliquie
205 1416 233 1466 iu
245 1431 272 1465 se
283 1414 412 1464 tramlatis
424 1413 561 1466 muneribus
570 1451 579 1477 ‚
592 1427 676 1466 tamen
685 1414 797 1485 plerique
808 1415 962 1477 Censurem,
977 1418 1087 1466 omnium
1098 1413 1219 1466 bonorum

84 1496 165 1566 lenge
181 1497 327 1548 maximum
340 1495 474 1566 (κορυφὴν
487 1500 566 1565 τιμῆς
581 1494 684 1556 ἀπάσης
698 1495 743 1548 καὶ
764 1495 891 1558 πολιτείας
910 1495 1095 1558 intremuere,
1112 1509 1139 1548 ut
1155 1496 1219 1548 elicit

86 1577 159 1630 Plut.
179 1574 239 1632 Cot.
253 1579 314 1628 mai
329 1596 351 1630 c.
368 1583 411 1630 to.
420 1579 433 1644 )
440 1616 447 1640 ‚
462 1577 591 1630 noluerant
599 1578 688 1630 saltem
699 1583 799 1632 nomine
804 1619 815 1644 ‚
828 1579 895 1648 qnod
908 1591 970 1632 esset
982 1579 1219 1642 irwidiosunnusur·

86 1680 163 1732 psue,
188 1672 214 1710 et
226 1661 342 1730 qssarneis
359 1677 386 1710 re
406 1658 520 1710 habentes
530 1672 677 1731 potestatem
695 1659 856 1729 Censorium,
870 1680 920 1714 non
934 1673 1018 1713 tamen
1030 1662 1105 1713 verbo
1116 1660 1168 1713 dici
1179 1661 1221 1712 ia·

88 1745 204 1814 otariqtse
214 1741 343 1796 Cerneres.
354 1739 386 1796 V
383 1741 425 1794 tae
437 1741 580 1808 Fabric.ad
587 1745 667 1796 Dion.
674 1762 700 1813 p.
709 1749 768 1796 744.
779 1746 799 1796 l.
808 1749 849 1798 85.
863 1758 886 1796 ιι
900 1745 977 1798 multo
988 1749 1071 1816 magis
1084 1743 1220 1814 Spanlsem.

14 1837 16 1864 ἔ
90 1826 121 1878 ele
133 1844 177 1894 pr.
193 1836 218 1877 et
229 1843 274 1876 ιω
286 1842 353 1876 niun.
369 1821 399 1878 V
396 1824 430 1876 ot.
445 1823 486 1875 ΙΙ.
498 1844 525 1895 p.
540 1829 589 1878 tet
604 1843 655 1895 seq.
668 1825 707 1878 ed.
721 1825 804 1892 Lortci
817 1824 894 1880 Nune
903 1846 964 1879 vero
976 1829 1080 1898 denique
1089 1829 1219 1880 Domitia·

14 1923 16 1958 ι
91 1923 135 1958 reu
146 1906 259 1958 surrexit
270 1904 369 1956 Censor
382 1906 522 1974 Perpetuus
539 1909 564 1957 ei
576 1905 713 1958 Censoriae
726 1906 858 1976 potestatis
870 1909 1094 1978 impuduttissimus
1106 1919 1216 1959 osterna·

90 1999 146 2052 tor,
165 1985 450 2060 idquemoximeaba.
465 1985 501 2041 V.
518 1983 547 2039 C.
563 1991 620 2040 838.
614 2007 661 2056 ..p
674 1985 703 2040 0.
721 1985 759 2041 N.
776 1994 818 2042 85.
836 1988 874 2044 V.
887 1989 965 2042 Dion.
960 2009 1002 2060 .p.
1017 1995 1076 2043 714.
1088 1990 1107 2042 l.
1120 1994 1153 2042 84
1167 2006 1221 2058 seq

92 2081 116 2120 ιι
126 2073 218 2120 maun
228 2085 256 2138 p
272 2071 348 2118 tint.
363 2065 382 2118 l.
398 2071 437 2125 49.
452 2066 578 2136 (τιμητὴς
591 2063 619 2120 li
632 2063 678 2120 διὰ
691 2067 786 2138 βίου.
770 2073 868 2140 πρῶτος
879 2065 911 2125 δὴ
928 2088 972 2120 nus
963 2064 1093 2121 ἰδιωτῶν
1115 2066 1160 2120 καὶ
1173 2066 1220 2118 αὖ·

91 2147 260 2244 τιιιριιτὸριιιι
273 2130 474 2220 ἐχειροτονήθη)
484 2161 587 2218 propter
599 2167 690 2201 ιιιιιιιιιιι
704 2162 801 2213 ιιιιιιιιι,
820 2163 907 2203 notaui
922 2169 954 2202 ee
965 2153 1045 2224 numis
1058 2150 1120 2202 ibid.
1135 2149 1152 2200 l.
1168 2153 1222 2212 ⁴8,
1241 2199 1245 2207 ,

92 2233 137 2285 seri
147 2233 282 2302 prmaipme
296 2229 329 2284 de
341 2248 369 2282 re
382 2241 438 2281 tota
449 2227 582 2299 Spanliem.
591 2249 617 2301 p.
633 2235 691 2285 478.
705 2231 779 2282 Ηίι“
770 2233 848 2302 sginu-
860 2252 935 2286 ιιονιιι
947 2219 1019 2302 atque
1030 2234 1133 2284 eximius
1139 2249 1224 2302 prom·

14 2327 18 2334 '
93 2327 135 2368 tae
149 2313 293 2366 adulationi
317 2313 387 2363 loeus
412 2312 521 2364 inventus
541 2323 611 2375 erm,
629 2325 669 2376 et,
697 2331 768 2382 quem
784 2325 849 2366 totns
865 2315 932 2365 orbis
948 2313 1149 2373 eslsorreseebat,
1166 2330 1223 2364 eum

94 2399 174 2450 multi
187 2408 302 2450 mactatu
314 2396 460 2448 suavissimo
478 2393 664 2446 consentiebant
677 2395 819 2448 Censorem
837 2395 998 2460 maximum,
1011 2397 1152 2448 Censorem
1164 2413 1223 2448 sau-

98 2478 251 2533 ctissimum
262 2495 269 2541 3
292 2478 364 2548 inepte
381 2475 419 2528 liis
433 2475 601 2546 Quintilianus
613 2474 668 2530 IV.
681 2474 799 2528 Prooem.
812 2481 826 2528 3
837 2514 845 2540 ,
858 2496 931 2547 quem
948 2491 1031 2530 tannen
1051 2477 1114 2529 belle
1126 2489 1226 2530 exuunt

101 2565 179 2614 mitis
191 2563 310 2630 sapimtic
327 2556 431 2609 Gesneri
439 2577 448 2607 .-
466 2555 669 2610 Coneetlendum
682 2567 734 2624 est,
745 2561 838 2629 inquit,
851 2557 953 2610 homini
966 2557 1096 2612 beneficiis
1110 2568 1135 2612 et
1151 2569 1226 2612 metu
1282 2591 1283 2596 =

99 2644 234 2698 devincto.
265 2641 480 2713 Qunadmodum
493 2641 639 2692 autemillis
655 2639 838 2692 versibuslraec
855 2645 965 2694 maxime
977 2645 1067 2712 petitia
1079 2647 1224 2694 eorrnmtts·

96 2727 161 2778 stura
178 2728 206 2775 in
223 2721 270 2776 teli
294 2721 415 2792 Principe
440 2718 571 2774 Censoriae
589 2721 712 2772 simulatio
729 2723 879 2784 severitatis,
892 2741 938 2792 per
958 2741 1034 2792 qnam
1053 2723 1119 2775 latae
1140 2734 1227 2775 contra

97 2810 213 2861 libidines
229 2807 299 2878 leges
310 2826 340 2857 ac
353 2824 430 2876 nuper
442 2805 592 2857 ambitiosius
602 2817 730 2870 reuocatae
742 2823 863 2875 magnam
880 2806 1026 2858 iudiciorum
1037 2818 1060 2858 et
1071 2806 1225 2857 cortdemna·

101 2896 191 2944 ticnuin
196 2893 375 2962 frequentiam
387 2888 504 2958 praebere
517 2899 660 2956 coeperant,
675 2891 725 2951 ita,
737 2890 787 2940 nisi
804 2906 850 2940 nos
863 2900 949 2940 nostra
958 2888 1035 2958 plane
1041 2887 1120 2960 sallit
1132 2891 1228 2958 opinio.

104 2992 134 3026 est
143 2993 172 3026 ιιι
186 2992 213 3024 re
227 2976 283 3043 ipsa
292 2974 448 3040 potissimum
461 2981 498 3022 est
513 2980 593 3022 tracta
606 2967 676 3020 lunius
690 2970 730 3020 vis
746 2972 826 3020 omnis
842 2989 873 3020 ae
886 2973 991 3023 materia
1005 2967 1112 3022 Satirae.
1134 2969 1229 3022 Exsta-

103 3059 145 3112 bat
159 3057 251 3108 seilicet
266 3055 364 3108 clorsrm
379 3053 518 3124 exemplum
529 3051 666 3121 Principis,
671 3056 713 3122 qui
720 3093 728 3114 ,
743 3049 858 3106 Censoris
866 3053 938 3106 titulo
948 3055 974 3104 in
984 3066 1125 3124 perpensum
1138 3064 1228 3114 simtu,

103 3142 176 3194 modo
199 3145 313 3214 jorttter
335 3141 512 3190 correctionem
540 3154 636 3188 morum
654 3137 867 3210 flagitiorumque
890 3139 1065 3190 eoircitionem
1093 3146 1230 3206 susceperat

104 3223 200 3295 (Conj.
227 3219 328 3275 Sueten.
347 3220 445 3272 Domit.
470 3239 492 3269 c.
514 3219 575 3284 8.):
596 3217 663 3288 quod
689 3218 789 3288 quidem
810 3219 949 3290 exemplum
969 3231 1020 3270 tum
1041 3219 1121 3289 facile
1140 3217 1229 3281 multi,

106 3323 152 3374 qao
176 3304 235 3374 plus
261 3305 310 3374 ipsi
342 3313 418 3354 essem
444 3300 551 3370 perditis
579 3299 700 3362 moribus,
732 3319 761 3351 eo
787 3304 868 3352 acrius
897 3300 1109 3371 vehementiusque
1141 3301 1228 3352 imita·

103 3387 204 3450 bsntur3
223 3397 247 3437 et
265 3402 326 3436 mox
351 3386 463 3434 certatim
484 3383 610 3449 personati
640 3378 761 3443 Catones,
787 3379 917 3452 Principis
942 3383 1071 3434 caelestem
1090 3386 1231 3434 autorita-

102 3479 150 3519 tem
164 3467 176 3533 (
192 3463 316 3518 coelestia
340 3461 434 3516 iudicia
456 3460 585 3532 praedicet
609 3459 717 3530 Quintil.
729 3462 778 3514 loc.
799 3463 862 3530 eit.)
887 3464 1057 3533 Domitiique,
1077 3459 1231 3514 sanctissimi

102 3545 223 3599 Censoris
244 3545 379 3608 uidelicet,
404 3543 514 3595 diuinum
527 3541 666 3612 exemplum
686 3554 815 3608 testantes,
831 3545 879 3612 ipsi
900 3547 976 3596 etiam
997 3543 1067 3595 vultu
1088 3555 1113 3594 et
1133 3541 1232 3613 loquela

106 3630 253 3682 Censorium
274 3630 423 3700 grauitatem
443 3628 603 3690 mentientes,
615 3625 708 3696 ,sorum
736 3637 758 3676 et
777 3624 871 3676 iudicia
894 3625 1060 3695 occupabunt,
1083 3636 1110 3676 ut
1133 3643 1163 3674 ιιι
1176 3623 1233 3692 lege

103 3710 171 3763 Iulia
196 3711 308 3762 maxime
329 3709 458 3760 mulierum
477 3709 584 3758 crimina
606 3717 630 3756 et
653 3705 777 3758 adulteria
804 3705 910 3775 publicis
932 3705 1125 3758 accusationibus
1146 3721 1230 3774 perse·

108 3806 246 3864 quereretur.
287 3789 354 3844 Sane
372 3787 530 3842 iamdudum
549 3788 704 3859 foedissima
727 3787 907 3840 adulteriorum
923 3788 1023 3840 licentia
1045 3799 1068 3838 et
1087 3783 1234 3837 coruuetuclo

110 3871 208 3926 Vrbem
219 3873 358 3923 invaserat:
381 3889 476 3940 megna
493 3881 546 3920 erut
557 3873 583 3919 in
595 3867 696 3938 liminis
717 3887 813 3920 nwrum
830 3871 960 3937 prauitas5
984 3866 1117 3919 sedetiam
1135 3867 1161 3915 in
1174 3865 1235 3936 uiris

106 3959 191 4006 maior
205 3965 229 4005 et
242 3951 407 4026 effienatior:
420 3961 512 4020 quanto
532 3953 612 4020 igitur
624 3947 769 4001 invidiosius
784 3967 812 4000 se
825 3947 943 4020 efferebm
958 3961 1075 4018 proterva
1097 3943 1234 3998 istiusmodi

106 4038 233 4091 simulatio
245 4034 435 4089 aceruatorum!
452 4033 518 4086 Illuc
527 4033 628 4085 redeunt
639 4034 714 4104 plura
724 4030 822 4086 Satirae
832 4033 890 4086 ioca
895 4048 977 4102 ,quae
987 4031 1133 4082 sententiam
1146 4029 1235 4082 liabent

105 4134 150 4174 eust
167 4121 298 4174 obseram
304 4131 354 4198 uant
371 4117 528 4188 ambiguam,
540 4135 565 4168 ιιι
567 4135 587 4168 ιι
583 4117 636 4168 ael
649 4115 726 4169 talem
742 4133 823 4167 rerum
841 4117 946 4186 speciem
960 4125 1074 4183 accepta3
1083 4129 1236 4184 quorumque

106 4209 149 4256 uis
165 4207 248 4256 omnis
271 4205 321 4254 sita
342 4205 418 4252 estin
435 4201 593 4252 similatione
609 4199 690 4251 vultis
711 4193 839 4261 Ceruorii,
855 4199 890 4250 ad
913 4195 1076 4267 Imperatoris
1098 4195 1237 4264 exemplum

109 4289 155 4338 isto
171 4299 284 4357 tempore
301 4283 398 4336 Romae
415 4285 530 4355 vulgata.
557 4279 599 4334 Sic
620 4285 704 4334 statim
720 4283 792 4333 initio
812 4279 911 4333 Satirue
927 4299 953 4332 u.
969 4284 993 4332 2.
1011 4276 1118 4347 Quoties
1137 4273 1237 4346 aliquid

112 4367 144 4420 be
156 4371 278 4424 moribus
296 4367 407 4432 audent,
422 4365 447 4420 is.
459 4387 484 4420 e.
494 4367 527 4418 de
538 4384 633 4418 ntorum
647 4367 810 4417 correctione.-
824 4364 951 4419 deiruiev.
965 4365 1008 4414 40.
1023 4355 1237 4416 Tertiusecoele

113 4450 202 4538 §scidit
215 4453 293 4526 Cato:
314 4470 341 4536 p.
362 4457 404 4514 63.
420 4459 493 4536 ιιιιι
506 4467 612 4510 censure
632 4447 779 4521 columbine
797 4467 832 4513 ιι.
852 4451 908 4508 itt.
926 4461 1031 4516 tensare
1051 4460 1113 4528 opus
1128 4451 1183 4518 est,
1203 4457 1238 4512 un
