3078 5494
308 382 403 442 220
437 421 440 426 -
606 377 831 441 rvvtrtttls
864 380 1012 440 striae
1047 383 1125 442 xit.

303 577 479 683 Inponet
495 576 622 668 vittas,
641 591 700 668 et,
719 577 749 653 si
770 603 846 679 qua
865 595 924 652 est
941 577 1081 653 nubilis
1099 576 1155 653 illi

300 693 493 796 Iphigenia
510 690 634 781 domi,
654 690 759 766 dabit
777 694 875 766 hane
893 693 1095 785 altaribus,
1116 694 1186 768 etsi

300 811 388 886 Non
406 827 532 914 sperat
550 809 712 911 tragicae
729 809 869 885 furtiva
882 809 1194 913 piaculaeervae.
1369 849 1424 901 ηρ

299 923 431 1000 Laudo
450 951 572 1000 meum
592 927 731 1014 civem,
750 949 821 998 nee
840 950 1018 1029 comparo
1039 939 1261 1001 testamento

297 1039 404 1118 Mille
427 1058 548 1118 rates:
567 1067 654 1115 nam
673 1044 703 1115 si
721 1041 922 1118 Libitinam
942 1045 1252 1146 evaserit'aeger,

297 1155 449 1234 Delebit
466 1155 632 1250 tabulas,
649 1157 815 1236 inclusus
834 1181 986 1234 carcere
1007 1185 1159 1251 nassae,

297 1275 387 1350 Post
404 1278 580 1350 meritum
598 1300 685 1350 sane
703 1274 933 1366 mirandum,
956 1291 1071 1376 atque
1091 1275 1215 1350 omnia
1234 1273 1305 1350 soii

297 1391 440 1466 Forsan
459 1392 624 1470 Pacuvio
643 1390 806 1468 breviter
824 1390 953 1469 dabit:
978 1389 1043 1465 ille
1063 1391 1248 1494 superbus
1364 1425 1419 1476 m

297 1505 454 1582 Incedet
472 1508 578 1584 vietis
597 1504 788 1582 rivalibus.
807 1509 907 1609 Ergo
927 1505 1051 1597 vides,
1070 1535 1185 1610 quam

298 1621 452 1700 Grande
468 1649 605 1727 operae
625 1625 788 1729 pretium
808 1621 921 1698 faciat
939 1622 1107 1725 iugulata
1126 1622 1311 1724 Mycenis.

348 1741 459 1814 Vivat
477 1741 680 1832 Pacuvius,
700 1765 862 1841 quaeso,
882 1737 942 1826 vel
962 1741 1118 1814 Nestora
1137 1753 1284 1813 totum:
1532 1763 1534 1854 p

297 1855 510 1944 Possideat,
528 1873 712 1959 quantum
730 1859 857 1961 rapuit
871 1858 994 1932 Nero:
1016 1853 1205 1929 montibus
1226 1879 1357 1928 aurum
1533 1855 1534 1858 ’

296 1973 517 2077 Exaeqaet3
537 1998 608 2048 nee
625 1989 722 2048 amet
741 2001 984 2076 quemquam,
997 1999 1069 2048 nec
1079 1989 1227 2046 ametur
1237 1969 1284 2044 ab
1296 1967 1402 2046 ullo!

335 2179 362 2226 ⁴⁴
370 2177 394 2226 8.
407 2175 518 2240 imponat
531 2177 570 2226 46.
879 2173 957 2226 rabat.
967 2172 1018 2226 Sed
1033 2172 1136 2245 vulgata
1148 2170 1224 2226 lectio
1236 2169 1322 2224 multo
1330 2188 1410 2222 venn-

333 2263 602 2312 t2tteatamenti277.
879 2257 943 2309 stior
971 2267 1023 2320 est,
1051 2266 1076 2309 et
1100 2254 1164 2307 iilud
1192 2253 1287 2306 medici
1312 2269 1409 2306 nomen

334 2340 499 2394 423.Nassae
519 2345 544 2393 2.
565 2349 590 2393 et
603 2339 699 2395 Nattae
712 2343 737 2394 4.
752 2348 790 2394 Η.
800 2342 828 2394 in
878 2338 1076 2394 Scholiastarum
1087 2339 1192 2412 ingenio
1205 2340 1329 2392 effictum.
1341 2337 1410 2392 Nat·

299 2425 391 2495 quibus
407 2425 528 2479 omnibus
544 2425 659 2478 scholion
675 2434 748 2478 vetus
761 2424 828 2497 legi·
877 2435 918 2476 tae
928 2423 1004 2477 etiam
1019 2435 1099 2478 exstat
1111 2425 1138 2475 in
1155 2424 1190 2476 1v
1200 2423 1274 2476 MSS.
1286 2421 1367 2474 Paris.

298 2519 356 2562 tur:
382 2508 468 2563 Nassa
490 2529 511 2563 s.
536 2507 617 2563 Natta
634 2509 768 2583 physicus,
785 2513 827 2581 qui
912 2505 1412 2562 tro.luoecttett.2⁴.2t.-viderr.

298 2593 413 2666 infirmor
425 2595 577 2649 dominata
595 2597 646 2648 saia
662 2595 768 2649 tactmos
780 2613 824 2646 ou·
877 2598 919 2649 47.
929 2597 969 2648 48.
982 2598 1022 2648 ot.
1032 2597 1073 2647 66.
