3028 5492
470 381 744 462 ⁴'rvrrrnnns
841 477 843 482 ¹
1010 378 1191 474 'lxxxi

73 604 141 676 ptas
161 595 391 677 refero'insigni
412 597 637 660 benevolentiae
666 599 712 662 Cl.
745 603 870 684 Degere,
900 605 958 665 riri
986 605 1194 670 humanissimi
1288 637 1291 658 ¹

75 699 107 750 ct
126 689 313 766 doctissimi,
333 690 385 772 qui
408 693 564 772 specimen
586 711 690 754 earum
712 695 906 780 ipsorumque
926 700 1067 770 codicum
1082 703 1194 764 deseri·

76 785 212 866 ptionem
233 783 293 844 iam
314 784 438 846 dederat
460 788 491 847 in
513 789 686 869 prolusione
707 774 849 853 scholast.
873 816 950 875 quae
970 797 1113 879 iuscripta
1136 810 1191 860 est:

77 879 372 962 Einladungsscbrift
400 905 466 943 auin
487 885 721 967 gewithnlicbeu
743 887 1192 956 Herbstexarueu-Ouohbacla

82 976 167 1057 1785.
194 983 258 1050 410.
290 978 372 1040 unde
398 997 580 1061 excerpam,
610 1003 688 1064 quae
714 987 755 1044 ad
781 1003 847 1046 rem
877 996 1010 1048 nostram
1031 999 1193 1069 spectant,
1321 983 1328 1002 '

79 1092 215 1154 quaeque
234 1094 266 1152 p.
282 1076 310 1148 4.
323 1075 351 1134 5.
373 1083 403 1134 et
428 1097 473 1136 ιο.
499 1097 545 1134 ιι.
560 1073 732 1138 traduntur.

118 1189 167 1227 αι.
187 1169 441 1230 Sclronbornensis
473 1191 496 1230 s.
527 1161 731 1248 Gaybacensis
753 1175 889 1254 primus,
917 1175 1105 1255 praeclarus,
1138 1179 1192 1264 qui

78 1263 287 1324 memorabiles
314 1286 349 1326 ac
378 1265 545 1346 singulares
569 1268 678 1347 passim
699 1270 834 1349 suggerit
855 1269 1014 1344 lectiones,
1046 1281 1076 1330 et
1104 1273 1191 1338 Saue.

79 1357 138 1417 Xll
160 1359 290 1439 scriptus
310 1369 363 1420 est.
384 1361 477 1422 Foliis
496 1362 569 1422 LIV
589 1371 726 1438 constat,
757 1373 788 1422 et
813 1366 979 1443 marginem
1000 1367 1191 1449 spatiumque

80 1451 266 1514 interlineas
288 1454 401 1516 multae
422 1466 573 1538 occupant
592 1455 714 1538 glossae.
743 1451 923 1520 Membrana
945 1462 1037 1541 inagis
1058 1459 1133 1522 flava
1147 1471 1192 1522 est

81 1569 168 1630 quam
189 1548 275 1621 olba,
302 1553 353 1612 sed
375 1552 453 1614 bene
472 1551 609 1634 levigata.
643 1553 814 1614 Literarum
842 1555 938 1616 forma
970 1558 1135 1618 maiuscula
1161 1569 1192 1618 et

78 1653 161 1704 orata
181 1645 280 1721 magis
299 1667 390 1726 quam
404 1645 547 1708 rotunda.

115 1762 165 1799 22.
194 1737 449 1800 Schonhornensis
483 1762 505 1801 s.
539 1741 742 1825 Gaybacensis
761 1743 849 1816 alter,
876 1742 941 1804 sine
960 1742 1081 1824 glossis,
1113 1745 1191 1806 bene

78 1843 270 1894 conservatus
291 1841 321 1894 et
352 1835 421 1894 satis
448 1835 610 1916 perspicue
637 1835 737 1895 rnedio
767 1836 870 1896 sorsan
892 1835 938 1896 rel
958 1849 1086 1898 exeunte
1106 1839 1190 1899 Saec.

1 1995 2 2008 ,
77 1927 152 1988 xllt
171 1926 314 2008 scriptus.
333 1927 473 2003 Quatuor
495 1927 647 2009 prioribus
667 1926 774 1988 Satiris
794 1929 954 1998 recentior¹
970 1949 1075 2001 ananus
1090 1921 1191 1990 brevia

79 2021 229 2098 praemisit
249 2031 437 2104 argumenta.
457 2023 561 2084 Codex
582 2023 645 2105 ipse
666 2045 729 2084 nou
750 2023 908 2097 eamdem,
931 2045 1021 2105 quum
1041 2025 1190 2104 superior,

75 2117 284 2178 recensionem
304 2118 451 2199 sequitur,
472 2117 642 2200 multasque
663 2119 805 2183 lectiones
826 2117 947 2180 exhibet
967 2129 1030 2179 tum
1044 2121 1191 2200 egregias,

76 2221 137 2272 turn
159 2211 215 2271 sibi
237 2213 442 2293 propriando
464 2221 593 2294 utroque
614 2213 772 2274 innumera
794 2212 1190 2295 deprehendunturroouua

1 2338 2 2354 κ
74 2305 255 2388 compendia
279 2315 309 2366 et
329 2327 391 2366 non
405 2305 497 2367 modo
511 2306 636 2368 crebrae
649 2307 873 2368 emendationes
892 2305 1043 2368 secundae
1063 2329 1185 2384 manus,

1 2449 2 2452 ,
79 2400 138 2462 sed
161 2399 269 2482 aliquot
290 2399 381 2462 etiam
403 2420 481 2461 sarr.
503 2401 600 2461 Lectt.
614 2403 792 2462 notationes.

123 2495 177 2557 23.
197 2505 227 2556 et
239 2499 282 2570 24.
306 2497 443 2557 Gothani
455 2495 516 2554 duo
528 2537 537 2568 ,
561 2496 803 2568 membranacei,

77 2592 137 2671 qni
157 2593 187 2650 in
208 2590 387 2652 bibliotheca
403 2591 513 2652 Ducali
533 2601 651 2652 exstant
670 2601 700 2651 et
713 2611 828 2651 summa
849 2589 997 2652 Virorum
1015 2587 1081 2652 Cel.
1103 2591 1188 2651 Geir·

71 2688 135 2744 leri
148 2695 180 2746 et
198 2682 363 2766 Doeringii
384 2685 568 2746 humanitate
590 2685 691 2746 usibus
706 2685 816 2747 uostris
837 2683 929 2747 oblati
947 2695 1027 2746 sunt.
1057 2685 1188 2746 Criticiis

72 2788 176 2839 tamen
197 2799 305 2840 eorum
328 2801 398 2840 usus
418 2781 465 2842 rel
487 2779 590 2840 nullus
609 2780 661 2844 vel
682 2781 808 2860 exiguus
821 2789 884 2851 est,
909 2799 1004 2860 quum
1025 2779 1145 2840 indocte
1158 2787 1189 2840 et

71 2873 240 2935 recentiori
262 2895 335 2936 aevo
356 2874 444 2947 (alter
464 2883 592 2935 exeunte
611 2877 713 2936 forsan
736 2873 820 2934 Saec.
840 2872 919 2932 XlV.
940 2871 1019 2934 alter
1036 2868 1189 2955 principio

72 2971 159 3031 Sacc.
180 2969 285 3043 XV.),
304 2989 403 3050 neque
423 2990 461 3030 ex
480 2971 597 3050 optimo
611 2967 776 3051 exemplari
790 2967 934 3051 descripti
957 2967 1026 3028 siut.
1046 2969 1188 3028 Ceterum

71 3067 149 3125 alter
170 3065 310 3126 Persium
336 3063 468 3125 luvenali
491 3065 627 3124 iunctum
648 3073 678 3124 et
702 3064 811 3146 glossas
831 3063 942 3139 babet,
963 3073 1028 3124 tum
1049 3062 1129 3125 iuter
1147 3061 1188 3122 li·

73 3181 167 3234 neas,
187 3169 254 3220 tum
270 3159 405 3239 ‘margini
424 3159 606 3242 adscriptas,
627 3159 679 3220 sed
699 3180 805 3242 parum
827 3156 926 3219 utiles.

114 3256 165 3315 25.
187 3255 378 3335 Lipsiensis,

73 3349 326 3411 membranaceus
350 3357 381 3410 ct
400 3347 577 3408 recentioris
598 3366 717 3430 quoque
739 3347 861 3422 aetatis,
879 3367 979 3429 neque
997 3356 1097 3408 tamen
1119 3347 1189 3408 nul-

72 3447 130 3506 lius
163 3445 331 3519 momenti,
362 3463 454 3526 quem
485 3463 555 3503 eum
580 3442 702 3524 aliquot¹
714 3441 799 3503 editt.
819 3451 892 3502 autt.
920 3442 1024 3522 (Lips.
1053 3446 1190 3520 lippet

73 3545 164 3624 15⁰7·
178 3542 261 3602 Ven.
286 3539 370 3622 1498.
390 3540 516 3619 Argent.
541 3535 901 3618 1518.1Heidetb.1590.)
921 3556 939 3596 e
960 3532 1100 3597 biblioth.¹
1113 3556 1188 3597 aca-

1 3685 2 3692 ,
72 3638 155 3699 ilem.
182 3633 258 3695 mihi
278 3631 423 3695 benevole
444 3629 646 3692 commodarit
665 3630 715 3690 ΙΙΙ.
736 3631 833 3704 Beck,
862 3652 931 3692 meo
953 3631 1076 3691 nomine
1097 3627 1190 3712 rog'a-

72 3743 120 3794 tus
141 3731 182 3791 ab
203 3729 329 3789 amiciss.
350 3727 486 3787 Kunnot.
507 3723 620 3786 Eadem
635 3746 740 3785 ananus
753 3721 817 3784 tiam
838 3725 917 3784 iuter
938 3725 1046 3799 lineas,
1070 3717 1189 3786 lumin

1 3841 2 3892 l
71 3837 209 3908 utroque
230 3822 368 3903 margine
389 3819 496 3880 multas
517 3819 676 3901 adscripsit
689 3819 820 3899 glossas,
840 3817 980 3900 equibus
1001 3818 1089 3878 tacite
1102 3837 1190 3901 quas·

73 3921 147 3980 dam
170 3919 209 3979 ab
231 3920 301 3979 ans.
321 3912 710 3998 Manciuello'transeriptas
730 3913 916 3993 etprnsuis
936 3911 1100 3975 venditatus
1119 3912 1190 3972 ani·
1246 3925 1252 3935 ⁴

75 4015 239 4076 madverti.

1 4113 2 4178 ἶ
111 4115 168 4174 25.
189 4109 449 4190 Hambnrgensis,
470 4105 585 4166 formae
605 4113 747 4178 octavae,

63 4201 220 4287 rprein'in
244 4205 306 4284 ipsa
327 4201 512 4263 bibliotheca
539 4201 688 4260 senatoria
716 4219 786 4262 cum
808 4197 877 4260 edit.
898 4197 1086 4259 llenniniana
1114 4215 1188 4279 per-

71 4301 255 4362 humaniter
282 4308 499 4381 compurarunt
518 4297 718 4360 Lichtenstcin
740 4306 769 4359 et
787 4293 1018 4371 Fraudata-stete,
1048 4293 1100 4397 qui
1121 4313 1188 4352 euna

174 4514 261 4602 glus.
283 4515 309 4585 l.
1061 4503 1089 4596 ἦ
