3028 5492
382 460 629 523 snmroavn
661 458 886 524 svvnusns
1136 431 1181 524 ci

32 660 37 668 “
69 655 269 716 sumemus
279 653 379 734 facile
398 653 512 729 editio,
540 660 574 718 in
606 679 669 740 quo
696 658 842 740 pleraque
861 677 878 718 e
896 655 1067 719 melioribus
1087 655 1181 721 codd.—

71 749 231 808 comtitnto
255 748 413 830 legentum
435 763 462 808 et
482 768 593 830 quom,
612 753 667 832 qui
675 753 799 832 sactum
813 753 868 824 sit,
887 765 920 812 ut
940 768 1088 834 sequentes
1107 753 1180 813 edi-

73 857 147 903 tores
166 863 227 902 non
243 855 451 923 sequerentur,
473 845 527 902 sed
545 845 722 926 plerumque
746 845 790 906 ad
806 849 938 925 priorem
955 846 1108 906 Aldinam
1128 857 1190 908 κέ

73 938 188 1010 ditem,
220 957 282 997 non
310 957 463 1019 assequor,
494 938 575 999 idem
605 941 762 1003 transferri
795 949 895 1021 potest
917 938 957 1000 ad
978 939 1117 1001 Aldinam
1139 941 1179 1002 li.

76 1029 228 1093 iuvenalis.
250 1031 494 1092 Emendatissima
525 1041 571 1093 est
591 1033 705 1108 editio,
736 1035 774 1094 ad
808 1034 947 1094 meliores
975 1035 1054 1095 baud
1086 1034 1183 1096 dubia

75 1125 182 1200 libros,
205 1135 266 1186 tam
286 1124 413 1205 scriptos
433 1145 524 1206 quam
544 1125 661 1200 editos,
678 1129 832 1189 recensita.
852 1127 958 1188 Nihilo
970 1137 1068 1188 tamen
1084 1129 1183 1189 secius

75 1219 237 1284 anamodo
257 1219 365 1282 Aldina
387 1221 452 1294 iil,
485 1219 539 1281 sed
567 1219 644 1282 aliae
664 1243 787 1304 quoque
807 1222 970 1298 editiones,
996 1243 1034 1284 ex
1060 1223 1182 1284 Atdtnis

75 1315 198 1389 auena,
217 1313 322 1375 multis
343 1313 375 1372 in
397 1313 472 1374 locis
491 1334 557 1373 eam
574 1313 736 1378 deseruere
762 1325 793 1376 et
816 1315 934 1377 rediere
954 1313 992 1378 ud
1005 1315 1176 1377 Aldinaml

77 1408 160 1468 Vade
180 1417 279 1468 antem
301 1417 380 1467 tanta
401 1405 547 1482 mutatio,
574 1417 605 1468 et
631 1430 648 1467 a
672 1430 735 1491 qno
762 1408 884 1469 inducta
904 1410 959 1482 sil,
992 1409 1095 1471 dicere
1116 1431 1181 1472 non

76 1503 175 1563 liabeo.
218 1502 333 1563 Eadem
360 1501 559 1584 discrepantia
592 1502 624 1561 in
645 1502 784 1564 omnibus
808 1512 965 1564 auctorum
985 1503 1180 1568 classicorum

75 1597 252 1660 editionibus
266 1597 384 1658 Aldinis
404 1595 656 1678 deprehenditur,
675 1607 706 1658 et
726 1618 889 1680 numquam
910 1600 994 1675 iere,
1013 1597 1096 1680 qnod
1110 1602 1174 1660 mi-

75 1693 165 1769 reris,
186 1691 235 1753 vel
256 1691 368 1765 Aldus,
397 1689 446 1753 vel
467 1690 517 1774 qui
538 1699 605 1772 post
625 1691 762 1764 s.1515,
792 1713 854 1773 qno
875 1691 927 1754 ille
947 1691 1043 1754 evita
1063 1691 1181 1756 disces-

14 1821 15 1832 *
75 1788 119 1861 sit,
140 1785 328 1868 posteriores
349 1795 496 1845 curarunt
510 1783 673 1859 editiones,
695 1784 742 1846 vel
763 1785 917 1845 minimam
933 1784 1024 1846 huius
1035 1787 1080 1848 rei
1093 1809 1181 1850 men-

74 1879 179 1940 tionem
202 1879 352 1940 fecerunt.
370 1879 512 1940 Ceterum
527 1876 610 1938 editt.
625 1876 756 1940 Aldinae
766 1877 857 1938 modo
871 1875 970 1952 hanc,
990 1877 1081 1938 modo
1092 1879 1177 1944 illam

74 1973 233 2035 sditionem
249 1972 447 2054 antiquiorem
461 1985 634 2050 sequuntur,
649 1973 756 2054 passim
777 1993 849 2033 vero
862 1971 1005 2034 lectiones
1018 1973 1175 2050 exhibent,

13 2079 15 2102 ³
75 2089 142 2150 qnae
163 2090 229 2129 non
251 2067 310 2127 nisi
330 2067 361 2127 in
382 2065 469 2128 codd.
490 2065 597 2138 MSS.,
630 2076 661 2128 et
685 2085 931 2148 nonnumquam,
959 2066 1086 2146 quaein
1108 2069 1180 2149 ipsis

74 2161 187 2223 didicis
207 2161 343 2243 primum
369 2159 581 2239 reperiuntur;
608 2158 690 2240 quod
717 2179 755 2220 ex
785 2159 860 2218 Var.
895 2159 978 2219 Lect.
1007 2161 1179 2242 apparebit

74 2253 144 2315 inde
163 2253 357 2334 intelligitur,
377 2273 431 2320 eas,
446 2251 483 2311 ad
504 2251 630 2312 Codices
643 2251 769 2335 scriptos
783 2251 872 2312 fuisse
886 2253 1052 2333 castigatas.

112 2349 325 2410 *ascensiana
351 2347 389 2409 11.
410 2355 458 2420 (ut
477 2346 508 2407 in
530 2349 652 2410 Ascens.
671 2347 698 2407 l.
717 2367 743 2407 a.
772 2347 869 2425 1498.)
889 2361 955 2406 arse
974 2362 1001 2407 es
1021 2347 1177 2409 industria

75 2445 272 2506 iownisde
296 2443 413 2526 Vingle.
432 2439 574 2522 Lugduni
835 2445 887 2513 lto
900 2461 923 2500 s.
937 2437 990 2500 tot.
1004 2441 1077 2502 min.
1092 2445 1181 2518 1501,

101 2541 276 2623 ,Exemplar
307 2537 506 2602 ascensiones
538 2536 565 2600 l.
586 2535 685 2619 Lugd.
709 2535 795 2615 1498.
827 2531 1013 2617 descriptum
1032 2537 1096 2600 lere
1114 2537 1180 2599 sinc
1234 2583 1238 2592 .

76 2637 262 2699 memorabili
283 2636 459 2696 mutatione.
930 2683 935 2692 .

110 2733 130 2774 *
145 2733 265 2792 Veneta
279 2729 367 2790 xxt.
382 2735 424 2800 (n.
440 2725 502 2805 57.)
521 2723 659 2785 Venetiis
828 2783 829 2786 ,
848 2743 850 2748 ·
1019 2722 1074 2784 iol.
1093 2724 1179 2791 ¹501.

108 2828 262 2908 Repetitio
275 2827 412 2888 Venetae
431 2819 530 2883 XVII.
551 2841 578 2880 a.
602 2819 688 2897 1498.
709 2819 943 2901 Nonnumquam
964 2817 1004 2879 ab
1023 2839 1058 2880 ca
1078 2818 1181 2882 disce-

73 2921 112 2982 dit
131 2931 161 2982 et
174 2921 247 2982 alias
268 2921 355 2982 editt.
369 2919 523 3000 sequitur:
539 2935 629 2997 quam
645 2923 744 2974 tamen
764 2911 900 2974 lectionis
920 2911 1096 2976 varietatem
1117 2935 1180 2978 cx·
1295 2903 1301 2918 ’

73 3037 192 3100 serpere
213 3016 293 3078 baud
314 3035 424 3097 operae
439 3011 570 3092 pretium
584 3009 669 3070 duxi.

107 3111 306 3172 *Brixiensis
318 3111 374 3171 111.
388 3111 465 3183 (64.)
485 3105 636 3167 inversulis
655 3124 724 3166 cnm
743 3123 862 3163 comm.
881 3102 1059 3164 Britannici.
1069 3103 1181 3164 -im-

67 3227 197 3288 pressum
217 3207 274 3268 doc
294 3227 370 3288 opus
390 3205 521 3264 Brixiae
539 3200 578 3260 ob
592 3199 713 3279 Angelo
735 3211 763 3258 et
781 3195 892 3256 lecolo
913 3197 1098 3258 Britannicis
1104 3197 1181 3277 fro·

71 3302 177 3374 imbus,
738 3371 739 3376 ἵ
1012 3290 1066 3351 lol.
1089 3289 1186 3354 1501·¹

103 3397 153 3458 Cf.
173 3395 215 3457 de
234 3395 293 3458 bac
311 3395 383 3456 edit.
408 3393 446 3455 ad
466 3393 577 3455 Venet.
604 3409 630 3448 a.
654 3389 740 3466 ¹499·

12 3543 13 3552 ,
103 3491 143 3534 **
155 3491 323 3572 Lipsiensis
343 3489 384 3549 ll.
405 3495 448 3560 (n.
470 3483 695 3561 septemanas
716 3480 865 3559 Satyros,
885 3479 1002 3564 Lipsiae
1022 3477 1180 3560 diligentia

12 3601 14 3678 q
70 3585 233 3648 Baecslarii
254 3584 380 3646 Martini
393 3579 636 3664 Herbipolensis,
657 3573 818 3658 Lipsiensis
837 3573 929 3650 civis,
951 3571 1127 3636 emendatae
1145 3580 1178 3633 et

12 3681 14 3728 l
70 3701 183 3742 ,ηοω
205 3699 325 3762 preme
1006 3665 1062 3730 folo
1087 3665 1178 3728 1502·

12 3739 14 3858 i
105 3773 177 3835 vid.
199 3773 238 3834 ad
262 3773 444 3854 Lipsiensem
466 3769 491 3830 l.
511 3788 538 3829 a.
562 3767 648 3845 1497.

12 3863 13 3924 i
106 3869 273 3930 Brixicnsis
293 3867 346 3928 tv.
380 3867 498 3926 Persius
529 3876 557 3924 et
585 3857 736 3924 iuvenalis
763 3877 833 3918 oum
858 3853 1181 3929 comnr.Britonnici,

69 3963 188 4027 Brixiae
851 4001 859 4018 ,
963 3974 966 3982 ·
1013 3950 1065 4010 iol.
1089 3949 1175 4010 1503.

107 4061 148 4104 **
159 4055 326 4141 Lipsiensis
344 4054 399 4116 iil.
411 4059 454 4125 (n.
467 4051 527 4124 58.)
547 4049 697 4110 luvenalis
716 4045 860 4124 Satyros,
879 4044 998 4125 Lipsiae
1017 4043 1071 4105 iol.
1088 4041 1177 4114 1504.

108 4153 198 4214 Mera
218 4149 360 4233 repetitio
380 4146 429 4210 ed.
450 4143 613 4227 Lipsiensis
625 4143 665 4206 il.
677 4163 703 4201 a.
727 4141 814 4201 1502.
835 4139 874 4198 ln
894 4135 987 4198 Gatal.
1012 4135 1087 4198 Bibl.
1108 4135 1183 4195 Vi-

72 4248 208 4308 fsnbach.
227 4245 266 4305 T.
287 4245 327 4307 11.
348 4245 423 4323 App.
445 4237 590 4300 incunab.
611 4245 666 4296 art.
686 4244 847 4317 typogrm.
867 4249 937 4311 ²27·
950 4253 984 4314 p.
1003 4249 1050 4315 79.
1070 4228 1179 4291 lauda-

73 4351 120 4402 tur
143 4339 235 4400 huius
255 4337 329 4398 edit.
352 4331 542 4416 exemplum,
569 4331 665 4413 copiis
679 4329 713 4400 (f.
731 4326 872 4409 copiosis)
891 4325 1135 4388 annotationibus
1153 4335 1181 4385 ct

73 4433 291 4518 marginalium
317 4429 409 4494 MSS.
429 4429 467 4490 as
486 4445 639 4507 anonymo
661 4423 818 4508 quondam
838 4436 893 4486 vet.
911 4433 1060 4484 arnonem.
