<?xml version="1.0" encoding="UTF-8"?>
<!DOCTYPE html PUBLIC "-//W3C//DTD XHTML 1.0 Transitional//EN"
    "http://www.w3.org/TR/xhtml1/DTD/xhtml1-transitional.dtd">
<html xmlns="http://www.w3.org/1999/xhtml" xml:lang="en" lang="en">
 <head>
  <title>
</title>
<meta http-equiv="Content-Type" content="text/html;charset=utf-8" />
  <meta name='ocr-system' content='tesseract 3.04.00' />
  <meta name='ocr-capabilities' content='ocr_page ocr_carea ocr_par ocr_line ocrx_word'/>
</head>
<body>
  <div class='ocr_page' id='page_1' title='image "./diuniiiuvenalis00persgoog_0341.png"; bbox 0 0 3098 5498; ppageno 0'>
   <div class='ocr_carea' id='block_1_1' title="bbox 540 411 1233 534">
    <p class='ocr_par' dir='ltr' id='par_1_1' title="bbox 540 411 1233 534">
     <span class='ocr_line' id='line_1_1' title="bbox 540 411 1233 534; baseline 0.01 -38"><span class='ocrx_word' id='word_1_1' title='bbox 540 439 689 496; x_wconf 77' lang='lat' dir='ltr'>sarius</span> <span class='ocrx_word' id='word_1_2' title='bbox 730 441 779 498; x_wconf 80' lang='lat' dir='ltr'>x:</span> <span class='ocrx_word' id='word_1_3' title='bbox 1147 411 1233 534; x_wconf 73' lang='grc'>493</span> 
     </span>
    </p>
   </div>
   <div class='ocr_carea' id='block_1_2' title="bbox 105 632 1236 2488">
    <p class='ocr_par' dir='ltr' id='par_1_2' title="bbox 105 632 1236 2488">
     <span class='ocr_line' id='line_1_2' title="bbox 107 632 1236 744; baseline 0.005 -34"><span class='ocrx_word' id='word_1_4' title='bbox 107 635 336 711; x_wconf 86' lang='lat' dir='ltr'>Praebenda</span> <span class='ocrx_word' id='word_1_5' title='bbox 355 651 410 710; x_wconf 88' lang='lat' dir='ltr'>est</span> <span class='ocrx_word' id='word_1_6' title='bbox 430 632 559 738; x_wconf 77' lang='lat' dir='ltr'>gladio</span> <span class='ocrx_word' id='word_1_7' title='bbox 567 637 701 744; x_wconf 87' lang='lat' dir='ltr'>pulcra</span> <span class='ocrx_word' id='word_1_8' title='bbox 712 638 803 712; x_wconf 86' lang='lat' dir='ltr'>haec</span> <span class='ocrx_word' id='word_1_9' title='bbox 815 655 853 712; x_wconf 91' lang='lat' dir='ltr'>et</span> <span class='ocrx_word' id='word_1_10' title='bbox 865 637 1025 714; x_wconf 87' lang='lat' dir='ltr'>eandida</span> <span class='ocrx_word' id='word_1_11' title='bbox 1036 643 1173 715; x_wconf 67' lang='lat' dir='ltr'>ceruix.</span> <span class='ocrx_word' id='word_1_12' title='bbox 1187 678 1236 726; x_wconf 80' lang='lat' dir='ltr'>sm</span> 
     </span>
     <span class='ocr_line' id='line_1_3' title="bbox 163 752 1139 856; baseline 0.003 -29"><span class='ocrx_word' id='word_1_13' title='bbox 163 752 226 827; x_wconf 88' lang='lat' dir='ltr'>Nil</span> <span class='ocrx_word' id='word_1_14' title='bbox 245 777 336 854; x_wconf 84' lang='lat' dir='ltr'>ergo</span> <span class='ocrx_word' id='word_1_15' title='bbox 354 753 544 856; x_wconf 82' lang='lat' dir='ltr'>optabunt</span> <span class='ocrx_word' id='word_1_16' title='bbox 561 753 761 829; x_wconf 81' lang='lat' dir='ltr'>homines?</span> <span class='ocrx_word' id='word_1_17' title='bbox 789 757 828 828; x_wconf 89' lang='lat' dir='ltr'>Si</span> <span class='ocrx_word' id='word_1_18' title='bbox 847 754 1046 830; x_wconf 87' lang='lat' dir='ltr'>consilium</span> <span class='ocrx_word' id='word_1_19' title='bbox 1071 759 1139 852; x_wconf 87' lang='lat' dir='ltr'>vis,</span> 
     </span>
     <span class='ocr_line' id='line_1_4' title="bbox 106 869 1153 974; baseline 0.007 -32"><span class='ocrx_word' id='word_1_20' title='bbox 106 869 309 944; x_wconf 89' lang='lat' dir='ltr'>Permittes</span> <span class='ocrx_word' id='word_1_21' title='bbox 329 873 416 972; x_wconf 87' lang='lat' dir='ltr'>ipsis</span> <span class='ocrx_word' id='word_1_22' title='bbox 443 869 661 972; x_wconf 80' lang='lat' dir='ltr'><strong>expendere</strong></span> <span class='ocrx_word' id='word_1_23' title='bbox 681 873 919 963; x_wconf 79' lang='lat' dir='ltr'>numinibus,</span> <span class='ocrx_word' id='word_1_24' title='bbox 940 873 1034 974; x_wconf 85' lang='lat' dir='ltr'>quid</span> <span class='ocrx_word' id='word_1_25' title='bbox 1145 897 1153 910; x_wconf 75' lang='grc'><em>“</em></span> 
     </span>
     <span class='ocr_line' id='line_1_5' title="bbox 105 985 1004 1089; baseline 0.007 -31"><span class='ocrx_word' id='word_1_26' title='bbox 105 985 446 1063; x_wconf 84' lang='lat' dir='ltr'>Conveniatnobis</span> <span class='ocrx_word' id='word_1_27' title='bbox 465 985 656 1089; x_wconf 85' lang='lat' dir='ltr'>rebusque</span> <span class='ocrx_word' id='word_1_28' title='bbox 676 990 724 1062; x_wconf 90' lang='lat' dir='ltr'>sit</span> <span class='ocrx_word' id='word_1_29' title='bbox 745 986 836 1062; x_wconf 90' lang='lat' dir='ltr'>utile</span> <span class='ocrx_word' id='word_1_30' title='bbox 857 993 1004 1064; x_wconf 87' lang='lat' dir='ltr'>nostris.</span> 
     </span>
     <span class='ocr_line' id='line_1_6' title="bbox 106 1099 1180 1206; baseline 0.001 -33"><span class='ocrx_word' id='word_1_31' title='bbox 106 1101 205 1175; x_wconf 90' lang='lat' dir='ltr'>Nam</span> <span class='ocrx_word' id='word_1_32' title='bbox 221 1129 294 1206; x_wconf 90' lang='lat' dir='ltr'>pro</span> <span class='ocrx_word' id='word_1_33' title='bbox 313 1099 487 1176; x_wconf 85' lang='lat' dir='ltr'>iucundis</span> <span class='ocrx_word' id='word_1_34' title='bbox 507 1103 695 1205; x_wconf 87' lang='lat' dir='ltr'>aptissima</span> <span class='ocrx_word' id='word_1_35' title='bbox 713 1129 888 1206; x_wconf 88' lang='lat' dir='ltr'>quaeque</span> <span class='ocrx_word' id='word_1_36' title='bbox 907 1103 1053 1178; x_wconf 88' lang='lat' dir='ltr'>dabunt</span> <span class='ocrx_word' id='word_1_37' title='bbox 1070 1105 1128 1178; x_wconf 82' lang='lat' dir='ltr'>ot.</span> <span class='ocrx_word' id='word_1_38' title='bbox 1174 1177 1180 1187; x_wconf 68' lang='grc'><em>,</em></span> 
     </span>
     <span class='ocr_line' id='line_1_7' title="bbox 109 1216 1234 1322; baseline 0.002 -30"><span class='ocrx_word' id='word_1_39' title='bbox 109 1219 244 1292; x_wconf 83' lang='lat' dir='ltr'>Carior</span> <span class='ocrx_word' id='word_1_40' title='bbox 261 1235 316 1293; x_wconf 89' lang='lat' dir='ltr'>est</span> <span class='ocrx_word' id='word_1_41' title='bbox 336 1216 409 1292; x_wconf 91' lang='lat' dir='ltr'>illis</span> <span class='ocrx_word' id='word_1_42' title='bbox 429 1220 564 1311; x_wconf 88' lang='lat' dir='ltr'>bomo,</span> <span class='ocrx_word' id='word_1_43' title='bbox 583 1247 698 1322; x_wconf 86' lang='lat' dir='ltr'>quam</span> <span class='ocrx_word' id='word_1_44' title='bbox 718 1220 812 1296; x_wconf 83' lang='lat' dir='ltr'>sibi·</span> <span class='ocrx_word' id='word_1_45' title='bbox 825 1221 901 1296; x_wconf 90' lang='lat' dir='ltr'>Nos</span> <span class='ocrx_word' id='word_1_46' title='bbox 922 1223 1133 1298; x_wconf 88' lang='lat' dir='ltr'>animorum</span> <span class='ocrx_word' id='word_1_47' title='bbox 1185 1255 1234 1307; x_wconf 68' lang='lat'>350</span> 
     </span>
     <span class='ocr_line' id='line_1_8' title="bbox 107 1332 1015 1442; baseline 0.004 -35"><span class='ocrx_word' id='word_1_48' title='bbox 107 1332 282 1438; x_wconf 89' lang='lat' dir='ltr'>Impulsu</span> <span class='ocrx_word' id='word_1_49' title='bbox 300 1353 339 1410; x_wconf 87' lang='lat' dir='ltr'>et</span> <span class='ocrx_word' id='word_1_50' title='bbox 355 1362 465 1410; x_wconf 86' lang='lat' dir='ltr'>caeca</span> <span class='ocrx_word' id='word_1_51' title='bbox 483 1363 693 1440; x_wconf 78' lang='lat' dir='ltr'>magnaque</span> <span class='ocrx_word' id='word_1_52' title='bbox 711 1337 893 1442; x_wconf 87' lang='lat' dir='ltr'>cupidine</span> <span class='ocrx_word' id='word_1_53' title='bbox 910 1337 1015 1413; x_wconf 89' lang='lat' dir='ltr'>ducti</span> 
     </span>
     <span class='ocr_line' id='line_1_9' title="bbox 109 1449 1089 1554; baseline 0.003 -31"><span class='ocrx_word' id='word_1_54' title='bbox 109 1449 337 1551; x_wconf 80' lang='lat' dir='ltr'>Coniugium</span> <span class='ocrx_word' id='word_1_55' title='bbox 359 1450 521 1553; x_wconf 87' lang='lat' dir='ltr'>petimus</span> <span class='ocrx_word' id='word_1_56' title='bbox 539 1469 769 1554; x_wconf 91' lang='lat' dir='ltr'>partumque</span> <span class='ocrx_word' id='word_1_57' title='bbox 790 1455 942 1528; x_wconf 80' lang='lat' dir='ltr'>uxoris:</span> <span class='ocrx_word' id='word_1_58' title='bbox 961 1470 999 1527; x_wconf 83' lang='lat' dir='ltr'>ot</span> <span class='ocrx_word' id='word_1_59' title='bbox 1016 1449 1089 1526; x_wconf 89' lang='lat' dir='ltr'>illis</span> 
     </span>
     <span class='ocr_line' id='line_1_10' title="bbox 110 1566 1111 1672; baseline 0.005 -34"><span class='ocrx_word' id='word_1_60' title='bbox 110 1567 274 1657; x_wconf 89' lang='lat' dir='ltr'>Notum,</span> <span class='ocrx_word' id='word_1_61' title='bbox 294 1568 361 1670; x_wconf 91' lang='lat' dir='ltr'>qui</span> <span class='ocrx_word' id='word_1_62' title='bbox 381 1568 494 1670; x_wconf 90' lang='lat' dir='ltr'>pueri</span> <span class='ocrx_word' id='word_1_63' title='bbox 513 1566 716 1672; x_wconf 88' lang='lat' dir='ltr'>qualisque</span> <span class='ocrx_word' id='word_1_64' title='bbox 734 1569 863 1644; x_wconf 84' lang='lat' dir='ltr'>lutura</span> <span class='ocrx_word' id='word_1_65' title='bbox 883 1573 929 1648; x_wconf 87' lang='lat' dir='ltr'>sit</span> <span class='ocrx_word' id='word_1_66' title='bbox 947 1597 1055 1645; x_wconf 83' lang='lat' dir='ltr'>uxor.</span> <span class='ocrx_word' id='word_1_67' title='bbox 1107 1649 1111 1656; x_wconf 19' lang='grc' dir='ltr'><strong>Α</strong></span> 
     </span>
     <span class='ocr_line' id='line_1_11' title="bbox 109 1681 1070 1790; baseline 0.008 -39"><span class='ocrx_word' id='word_1_68' title='bbox 109 1682 165 1753; x_wconf 83' lang='lat' dir='ltr'>Vt</span> <span class='ocrx_word' id='word_1_69' title='bbox 183 1697 309 1756; x_wconf 84' lang='lat' dir='ltr'>tamen</span> <span class='ocrx_word' id='word_1_70' title='bbox 329 1697 368 1756; x_wconf 89' lang='lat' dir='ltr'>et</span> <span class='ocrx_word' id='word_1_71' title='bbox 387 1707 516 1784; x_wconf 82' lang='lat' dir='ltr'>poscas</span> <span class='ocrx_word' id='word_1_72' title='bbox 535 1681 679 1780; x_wconf 85' lang='lat' dir='ltr'>aliquid</span> <span class='ocrx_word' id='word_1_73' title='bbox 697 1709 906 1790; x_wconf 85' lang='lat' dir='ltr'>voveasque</span> <span class='ocrx_word' id='word_1_74' title='bbox 926 1683 1070 1761; x_wconf 84' lang='lat' dir='ltr'>sacellis</span> 
     </span>
     <span class='ocr_line' id='line_1_12' title="bbox 109 1795 1234 1906; baseline 0.006 -36"><span class='ocrx_word' id='word_1_75' title='bbox 109 1799 207 1870; x_wconf 79' lang='lat' dir='ltr'>Exta</span> <span class='ocrx_word' id='word_1_76' title='bbox 225 1815 263 1871; x_wconf 89' lang='lat' dir='ltr'>et</span> <span class='ocrx_word' id='word_1_77' title='bbox 279 1795 473 1872; x_wconf 87' lang='lat' dir='ltr'>candiduli</span> <span class='ocrx_word' id='word_1_78' title='bbox 492 1797 618 1876; x_wconf 89' lang='lat' dir='ltr'>divina</span> <span class='ocrx_word' id='word_1_79' title='bbox 638 1799 824 1875; x_wconf 90' lang='lat' dir='ltr'>tomacula</span> <span class='ocrx_word' id='word_1_80' title='bbox 841 1805 971 1906; x_wconf 90' lang='lat' dir='ltr'>porci,</span> <span class='ocrx_word' id='word_1_81' title='bbox 1184 1837 1234 1886; x_wconf 80' lang='lat' dir='ltr'>stt</span> 
     </span>
     <span class='ocr_line' id='line_1_13' title="bbox 109 1910 1232 2020; baseline 0.005 -36"><span class='ocrx_word' id='word_1_82' title='bbox 109 1910 306 1986; x_wconf 80' lang='lat' dir='ltr'>Orandum</span> <span class='ocrx_word' id='word_1_83' title='bbox 325 1929 400 2002; x_wconf 90' lang='lat' dir='ltr'>est,</span> <span class='ocrx_word' id='word_1_84' title='bbox 417 1931 461 1987; x_wconf 88' lang='lat' dir='ltr'>nt</span> <span class='ocrx_word' id='word_1_85' title='bbox 479 1916 527 1988; x_wconf 92' lang='lat' dir='ltr'>sit</span> <span class='ocrx_word' id='word_1_86' title='bbox 543 1921 648 1988; x_wconf 78' lang='lat' dir='ltr'>mens</span> <span class='ocrx_word' id='word_1_87' title='bbox 669 1941 759 1990; x_wconf 87' lang='lat' dir='ltr'>sana</span> <span class='ocrx_word' id='word_1_88' title='bbox 778 1919 818 1989; x_wconf 91' lang='lat' dir='ltr'>in</span> <span class='ocrx_word' id='word_1_89' title='bbox 839 1941 1001 2020; x_wconf 86' lang='lat' dir='ltr'>corpore</span> <span class='ocrx_word' id='word_1_90' title='bbox 1020 1939 1123 1990; x_wconf 80' lang='lat' dir='ltr'>sano.</span> <span class='ocrx_word' id='word_1_91' title='bbox 1228 1959 1232 1970; x_wconf 94' lang='lat'><em>·</em></span> 
     </span>
     <span class='ocr_line' id='line_1_14' title="bbox 109 2029 1147 2134; baseline 0.001 -33"><span class='ocrx_word' id='word_1_92' title='bbox 109 2029 263 2104; x_wconf 82' lang='lat' dir='ltr'>Fortem</span> <span class='ocrx_word' id='word_1_93' title='bbox 282 2054 395 2134; x_wconf 90' lang='lat' dir='ltr'>posce</span> <span class='ocrx_word' id='word_1_94' title='bbox 416 2031 603 2124; x_wconf 85' lang='lat' dir='ltr'>animum,</span> <span class='ocrx_word' id='word_1_95' title='bbox 620 2035 750 2108; x_wconf 89' lang='lat' dir='ltr'>mortis</span> <span class='ocrx_word' id='word_1_96' title='bbox 768 2050 916 2110; x_wconf 85' lang='lat' dir='ltr'>terrore</span> <span class='ocrx_word' id='word_1_97' title='bbox 934 2047 1147 2119; x_wconf 78' lang='lat' dir='ltr'>carentem,</span> 
     </span>
     <span class='ocr_line' id='line_1_15' title="bbox 110 2147 1149 2252; baseline 0.002 -34"><span class='ocrx_word' id='word_1_98' title='bbox 110 2147 186 2239; x_wconf 91' lang='lat' dir='ltr'>Qui</span> <span class='ocrx_word' id='word_1_99' title='bbox 205 2151 366 2250; x_wconf 86' lang='lat' dir='ltr'>spatium</span> <span class='ocrx_word' id='word_1_100' title='bbox 385 2149 482 2227; x_wconf 86' lang='lat' dir='ltr'>vitae</span> <span class='ocrx_word' id='word_1_101' title='bbox 500 2165 706 2223; x_wconf 83' lang='lat' dir='ltr'>extremum</span> <span class='ocrx_word' id='word_1_102' title='bbox 726 2151 827 2226; x_wconf 90' lang='lat' dir='ltr'>inter</span> <span class='ocrx_word' id='word_1_103' title='bbox 844 2176 1003 2225; x_wconf 88' lang='lat' dir='ltr'>munera</span> <span class='ocrx_word' id='word_1_104' title='bbox 1021 2161 1149 2252; x_wconf 80' lang='lat' dir='ltr'>ponat</span> 
     </span>
     <span class='ocr_line' id='line_1_16' title="bbox 111 2262 1107 2370; baseline 0.001 -32"><span class='ocrx_word' id='word_1_105' title='bbox 111 2262 301 2355; x_wconf 79' lang='lat' dir='ltr'>Naturae,</span> <span class='ocrx_word' id='word_1_106' title='bbox 322 2267 389 2367; x_wconf 90' lang='lat' dir='ltr'>qui</span> <span class='ocrx_word' id='word_1_107' title='bbox 407 2263 509 2348; x_wconf 85' lang='lat' dir='ltr'>serre</span> <span class='ocrx_word' id='word_1_108' title='bbox 528 2283 642 2367; x_wconf 85' lang='lat' dir='ltr'>queat</span> <span class='ocrx_word' id='word_1_109' title='bbox 659 2292 919 2370; x_wconf 88' lang='lat' dir='ltr'>quoscumque</span> <span class='ocrx_word' id='word_1_110' title='bbox 936 2265 1107 2352; x_wconf 87' lang='lat' dir='ltr'>labores,</span> 
     </span>
     <span class='ocr_line' id='line_1_17' title="bbox 112 2376 1233 2488; baseline 0.013 -36"><span class='ocrx_word' id='word_1_111' title='bbox 112 2376 264 2452; x_wconf 80' lang='lat' dir='ltr'>Nesciat</span> <span class='ocrx_word' id='word_1_112' title='bbox 279 2382 410 2472; x_wconf 86' lang='lat' dir='ltr'>irasci,</span> <span class='ocrx_word' id='word_1_113' title='bbox 428 2383 556 2486; x_wconf 85' lang='lat' dir='ltr'>cupiat</span> <span class='ocrx_word' id='word_1_114' title='bbox 572 2379 688 2474; x_wconf 90' lang='lat' dir='ltr'>nihil,</span> <span class='ocrx_word' id='word_1_115' title='bbox 708 2401 748 2458; x_wconf 90' lang='lat' dir='ltr'>et</span> <span class='ocrx_word' id='word_1_116' title='bbox 762 2386 929 2488; x_wconf 88' lang='lat' dir='ltr'>potiores</span> <span class='ocrx_word' id='word_1_117' title='bbox 1182 2415 1233 2466; x_wconf 82' lang='lat' dir='ltr'>too</span> 
     </span>
    </p>
   </div>
   <div class='ocr_carea' id='block_1_3' title="bbox 106 2533 1274 4445">
    <p class='ocr_par' dir='ltr' id='par_1_3' title="bbox 106 2533 1274 4445">
     <span class='ocr_line' id='line_1_18' title="bbox 113 2533 1232 2618; baseline 0.003 -22"><span class='ocrx_word' id='word_1_118' title='bbox 113 2546 309 2599; x_wconf 67' lang='lat' dir='ltr'>tt-ttdeu&#39;ur</span> <span class='ocrx_word' id='word_1_119' title='bbox 325 2548 441 2601; x_wconf 75' lang='lat' dir='ltr'>nullusve</span> <span class='ocrx_word' id='word_1_120' title='bbox 459 2551 502 2602; x_wconf 85' lang='grc'><strong>23.</strong></span> <span class='ocrx_word' id='word_1_121' title='bbox 510 2549 596 2601; x_wconf 73' lang='lat' dir='ltr'>meliro</span> <span class='ocrx_word' id='word_1_122' title='bbox 607 2548 644 2600; x_wconf 84' lang='lat' dir='ltr'>le·</span> <span class='ocrx_word' id='word_1_123' title='bbox 734 2553 791 2603; x_wconf 77' lang='lat'>358.</span> <span class='ocrx_word' id='word_1_124' title='bbox 809 2545 922 2618; x_wconf 85' lang='lat' dir='ltr'>Quidam</span> <span class='ocrx_word' id='word_1_125' title='bbox 939 2557 995 2618; x_wconf 89' lang='lat' dir='ltr'>post</span> <span class='ocrx_word' id='word_1_126' title='bbox 1005 2557 1098 2618; x_wconf 81' lang='lat' dir='ltr'>ponat,</span> <span class='ocrx_word' id='word_1_127' title='bbox 1113 2533 1232 2616; x_wconf 79' lang='lat' dir='ltr'>nonposl</span> 
     </span>
     <span class='ocr_line' id='line_1_19' title="bbox 111 2628 1230 2704; baseline 0.002 -25"><span class='ocrx_word' id='word_1_128' title='bbox 111 2629 195 2680; x_wconf 69' lang='lat' dir='ltr'>viuere</span> <span class='ocrx_word' id='word_1_129' title='bbox 213 2633 252 2683; x_wconf 79' lang='grc'>49.</span> <span class='ocrx_word' id='word_1_130' title='bbox 699 2628 819 2686; x_wconf 71' lang='lat' dir='ltr'>Nature.</span> <span class='ocrx_word' id='word_1_131' title='bbox 830 2631 1008 2704; x_wconf 74' lang='lat' dir='ltr'>distinguunt,</span> <span class='ocrx_word' id='word_1_132' title='bbox 1024 2639 1163 2703; x_wconf 78' lang='lat' dir='ltr'>praeeunte</span> <span class='ocrx_word' id='word_1_133' title='bbox 1178 2638 1230 2684; x_wconf 81' lang='lat' dir='ltr'>vet.</span> 
     </span>
     <span class='ocr_line' id='line_1_20' title="bbox 146 2713 783 2782; baseline 0.006 -18"><span class='ocrx_word' id='word_1_134' title='bbox 146 2717 206 2767; x_wconf 85' lang='grc'><strong>347-</strong></span> <span class='ocrx_word' id='word_1_135' title='bbox 217 2715 348 2782; x_wconf 76' lang='lat' dir='ltr'>permittas</span> <span class='ocrx_word' id='word_1_136' title='bbox 363 2717 404 2767; x_wconf 81' lang='grc'>43.</span> <span class='ocrx_word' id='word_1_137' title='bbox 418 2721 459 2769; x_wconf 89' lang='grc'>46.</span> <span class='ocrx_word' id='word_1_138' title='bbox 698 2713 783 2768; x_wconf 81' lang='lat' dir='ltr'>schot.</span> 
     </span>
     <span class='ocr_line' id='line_1_21' title="bbox 147 2795 1231 2868; baseline -0.002 -19"><span class='ocrx_word' id='word_1_139' title='bbox 147 2801 206 2849; x_wconf 82' lang='grc'><strong>348.</strong></span> <span class='ocrx_word' id='word_1_140' title='bbox 220 2799 281 2868; x_wconf 84' lang='lat' dir='ltr'>qnid</span> <span class='ocrx_word' id='word_1_141' title='bbox 294 2815 343 2867; x_wconf 86' lang='lat' dir='ltr'>pro</span> <span class='ocrx_word' id='word_1_142' title='bbox 355 2800 387 2850; x_wconf 82' lang='lat' dir='ltr'>sit</span> <span class='ocrx_word' id='word_1_143' title='bbox 398 2801 440 2852; x_wconf 86' lang='grc'>24.</span> <span class='ocrx_word' id='word_1_144' title='bbox 732 2800 790 2852; x_wconf 85' lang='grc'><strong>360.</strong></span> <span class='ocrx_word' id='word_1_145' title='bbox 800 2802 858 2851; x_wconf 83' lang='grc'><strong>364.</strong></span> <span class='ocrx_word' id='word_1_146' title='bbox 872 2796 963 2850; x_wconf 88' lang='lat' dir='ltr'>absunt</span> <span class='ocrx_word' id='word_1_147' title='bbox 976 2795 1009 2849; x_wconf 83' lang='lat' dir='ltr'>ab</span> <span class='ocrx_word' id='word_1_148' title='bbox 1023 2799 1145 2850; x_wconf 69' lang='lat' dir='ltr'>stetu.</span> <span class='ocrx_word' id='word_1_149' title='bbox 1157 2795 1231 2865; x_wconf 83' lang='lat' dir='ltr'>prob.</span> 
     </span>
     <span class='ocr_line' id='line_1_22' title="bbox 147 2880 1231 2954; baseline 0.002 -23"><span class='ocrx_word' id='word_1_150' title='bbox 147 2884 207 2932; x_wconf 84' lang='grc'><strong>354.</strong></span> <span class='ocrx_word' id='word_1_151' title='bbox 221 2880 329 2952; x_wconf 76' lang='lat' dir='ltr'>Impulri</span> <span class='ocrx_word' id='word_1_152' title='bbox 346 2887 388 2936; x_wconf 82' lang='grc'><strong>63.</strong></span> <span class='ocrx_word' id='word_1_153' title='bbox 406 2911 440 2924; x_wconf 90' lang='lat'><em>-</em></span> <span class='ocrx_word' id='word_1_154' title='bbox 456 2881 647 2954; x_wconf 78' lang='lat' dir='ltr'>cupidinecopti</span> <span class='ocrx_word' id='word_1_155' title='bbox 697 2881 824 2943; x_wconf 73' lang='lat' dir='ltr'>Sohund.</span> <span class='ocrx_word' id='word_1_156' title='bbox 845 2881 868 2935; x_wconf 90' lang='lat' dir='ltr'>si</span> <span class='ocrx_word' id='word_1_157' title='bbox 887 2882 964 2935; x_wconf 84' lang='lat' dir='ltr'>etiarn</span> <span class='ocrx_word' id='word_1_158' title='bbox 982 2901 1007 2935; x_wconf 83' lang='lat' dir='ltr'>v.</span> <span class='ocrx_word' id='word_1_159' title='bbox 1026 2887 1083 2935; x_wconf 77' lang='grc'><strong>362.</strong></span> <span class='ocrx_word' id='word_1_160' title='bbox 1101 2881 1231 2946; x_wconf 84' lang='lat' dir='ltr'>eiiciatur,</span> 
     </span>
     <span class='ocr_line' id='line_1_23' title="bbox 112 2962 1274 3042; baseline 0.006 -29"><span class='ocrx_word' id='word_1_161' title='bbox 112 2967 154 3015; x_wconf 89' lang='grc'>44.</span> <span class='ocrx_word' id='word_1_162' title='bbox 170 2969 211 3018; x_wconf 90' lang='grc'>47.</span> <span class='ocrx_word' id='word_1_163' title='bbox 231 2962 316 3033; x_wconf 81' lang='lat' dir='ltr'>alique</span> <span class='ocrx_word' id='word_1_164' title='bbox 339 2963 415 3018; x_wconf 83' lang='lat' dir='ltr'>codd.</span> <span class='ocrx_word' id='word_1_165' title='bbox 436 2975 499 3018; x_wconf 84' lang='lat' dir='ltr'>teste</span> <span class='ocrx_word' id='word_1_166' title='bbox 511 2967 600 3020; x_wconf 83' lang='lat' dir='ltr'>Heius.</span> <span class='ocrx_word' id='word_1_167' title='bbox 613 2965 646 3017; x_wconf 84' lang='lat' dir='ltr'>ad</span> <span class='ocrx_word' id='word_1_168' title='bbox 666 2967 672 2974; x_wconf 87' lang='grc'><em>“</em></span> <span class='ocrx_word' id='word_1_169' title='bbox 698 2989 731 3022; x_wconf 86' lang='lat' dir='ltr'>ne</span> <span class='ocrx_word' id='word_1_170' title='bbox 744 2974 817 3040; x_wconf 82' lang='lat' dir='ltr'>po&#39;e&#39;ta</span> <span class='ocrx_word' id='word_1_171' title='bbox 834 2969 998 3040; x_wconf 72' lang='lat' dir='ltr'>rantoldyor</span> <span class='ocrx_word' id='word_1_172' title='bbox 1011 2968 1079 3022; x_wconf 86' lang='lat' dir='ltr'>dicat</span> <span class='ocrx_word' id='word_1_173' title='bbox 1088 3008 1096 3034; x_wconf 89' lang='lat'>‚</span> <span class='ocrx_word' id='word_1_174' title='bbox 1107 2969 1232 3042; x_wconf 82' lang='lat' dir='ltr'>quiserre</span> <span class='ocrx_word' id='word_1_175' title='bbox 1269 3029 1274 3040; x_wconf 37' lang='grc' dir='ltr'>Ι</span> 
     </span>
     <span class='ocr_line' id='line_1_24' title="bbox 110 3045 1232 3126; baseline 0.004 -26"><span class='ocrx_word' id='word_1_176' title='bbox 110 3045 192 3101; x_wconf 81' lang='lat' dir='ltr'>Orid.</span> <span class='ocrx_word' id='word_1_177' title='bbox 212 3047 277 3102; x_wconf 77' lang='lat' dir='ltr'>Met.</span> <span class='ocrx_word' id='word_1_178' title='bbox 296 3051 368 3119; x_wconf 83' lang='lat' dir='ltr'>XIV,</span> <span class='ocrx_word' id='word_1_179' title='bbox 388 3055 447 3106; x_wconf 85' lang='grc'><strong>229.</strong></span> <span class='ocrx_word' id='word_1_180' title='bbox 467 3054 513 3124; x_wconf 87' lang='lat' dir='ltr'>qui</span> <span class='ocrx_word' id='word_1_181' title='bbox 530 3063 647 3106; x_wconf 83' lang='lat' dir='ltr'>nostram</span> <span class='ocrx_word' id='word_1_182' title='bbox 696 3068 768 3126; x_wconf 83' lang='lat' dir='ltr'>queat</span> <span class='ocrx_word' id='word_1_183' title='bbox 786 3073 946 3126; x_wconf 78' lang='lat' dir='ltr'>quoscunque</span> <span class='ocrx_word' id='word_1_184' title='bbox 961 3055 1072 3119; x_wconf 80' lang='lat' dir='ltr'>labores,</span> <span class='ocrx_word' id='word_1_185' title='bbox 1085 3063 1111 3105; x_wconf 88' lang='lat' dir='ltr'>et</span> <span class='ocrx_word' id='word_1_186' title='bbox 1122 3051 1232 3118; x_wconf 85' lang='lat' dir='ltr'>deiude,</span> 
     </span>
     <span class='ocr_line' id='line_1_25' title="bbox 107 3129 1232 3210; baseline 0.003 -26"><span class='ocrx_word' id='word_1_187' title='bbox 107 3129 170 3186; x_wconf 83' lang='lat' dir='ltr'>leet.</span> <span class='ocrx_word' id='word_1_188' title='bbox 188 3131 252 3186; x_wconf 87' lang='lat' dir='ltr'>ibid.</span> <span class='ocrx_word' id='word_1_189' title='bbox 272 3133 318 3187; x_wconf 89' lang='lat' dir='ltr'>lib.</span> <span class='ocrx_word' id='word_1_190' title='bbox 337 3137 397 3188; x_wconf 86' lang='lat' dir='ltr'>Vttt</span> <span class='ocrx_word' id='word_1_191' title='bbox 405 3174 414 3199; x_wconf 95' lang='lat'>,</span> <span class='ocrx_word' id='word_1_192' title='bbox 434 3139 491 3189; x_wconf 84' lang='grc'><strong>423.</strong></span> <span class='ocrx_word' id='word_1_193' title='bbox 511 3135 600 3189; x_wconf 89' lang='lat' dir='ltr'>multis</span> <span class='ocrx_word' id='word_1_194' title='bbox 614 3136 645 3188; x_wconf 91' lang='lat' dir='ltr'>il·</span> <span class='ocrx_word' id='word_1_195' title='bbox 697 3141 739 3210; x_wconf 78' lang='lat' dir='ltr'>qui</span> <span class='ocrx_word' id='word_1_196' title='bbox 750 3142 859 3210; x_wconf 76' lang='lat' dir='ltr'>potiores</span> <span class='ocrx_word' id='word_1_197' title='bbox 878 3138 994 3190; x_wconf 67' lang='lat' dir='ltr'>Heredis</span> <span class='ocrx_word' id='word_1_198' title='bbox 1005 3154 1133 3189; x_wconf 81' lang='lat' dir='ltr'>aerumnas</span> <span class='ocrx_word' id='word_1_199' title='bbox 1145 3136 1232 3187; x_wconf 75' lang='lat' dir='ltr'>credat</span> 
     </span>
     <span class='ocr_line' id='line_1_26' title="bbox 106 3213 1231 3293; baseline 0.002 -26"><span class='ocrx_word' id='word_1_200' title='bbox 106 3213 232 3270; x_wconf 79' lang='lat' dir='ltr'>lustravit</span> <span class='ocrx_word' id='word_1_201' title='bbox 253 3215 386 3287; x_wconf 79' lang='lat' dir='ltr'>exemplis.</span> <span class='ocrx_word' id='word_1_202' title='bbox 400 3247 433 3260; x_wconf 88' lang='lat'>-</span> <span class='ocrx_word' id='word_1_203' title='bbox 453 3238 530 3272; x_wconf 77' lang='lat' dir='ltr'>coena</span> <span class='ocrx_word' id='word_1_204' title='bbox 551 3237 648 3271; x_wconf 73' lang='lat' dir='ltr'>vannus</span> <span class='ocrx_word' id='word_1_205' title='bbox 696 3240 826 3293; x_wconf 80' lang='lat' dir='ltr'>suevosque</span> <span class='ocrx_word' id='word_1_206' title='bbox 848 3221 945 3273; x_wconf 81' lang='lat' dir='ltr'>labores</span> <span class='ocrx_word' id='word_1_207' title='bbox 970 3228 1018 3273; x_wconf 90' lang='lat' dir='ltr'>cet.</span> <span class='ocrx_word' id='word_1_208' title='bbox 1045 3220 1180 3288; x_wconf 72' lang='lat' dir='ltr'>Leguntur</span> <span class='ocrx_word' id='word_1_209' title='bbox 1202 3217 1231 3269; x_wconf 90' lang='lat' dir='ltr'>iu</span> 
     </span>
     <span class='ocr_line' id='line_1_27' title="bbox 109 3297 1231 3373; baseline 0.002 -23"><span class='ocrx_word' id='word_1_210' title='bbox 109 3301 230 3370; x_wconf 72' lang='lat' dir='ltr'>cupidine</span> <span class='ocrx_word' id='word_1_211' title='bbox 258 3297 351 3371; x_wconf 76' lang='lat' dir='ltr'>legisse</span> <span class='ocrx_word' id='word_1_212' title='bbox 374 3309 425 3353; x_wconf 81' lang='lat' dir='ltr'>vet.</span> <span class='ocrx_word' id='word_1_213' title='bbox 449 3298 536 3354; x_wconf 84' lang='lat' dir='ltr'>Sebol.</span> <span class='ocrx_word' id='word_1_214' title='bbox 555 3301 647 3368; x_wconf 86' lang='lat' dir='ltr'>(cuius</span> <span class='ocrx_word' id='word_1_215' title='bbox 696 3303 799 3358; x_wconf 73' lang='lat' dir='ltr'>scholiis</span> <span class='ocrx_word' id='word_1_216' title='bbox 818 3314 882 3357; x_wconf 84' lang='lat' dir='ltr'>autt.</span> <span class='ocrx_word' id='word_1_217' title='bbox 904 3299 1026 3373; x_wconf 79' lang='lat' dir='ltr'>librisque</span> <span class='ocrx_word' id='word_1_218' title='bbox 1049 3311 1153 3354; x_wconf 75' lang='lat' dir='ltr'>tanturn</span> <span class='ocrx_word' id='word_1_219' title='bbox 1178 3317 1231 3353; x_wconf 87' lang='lat' dir='ltr'>non</span> 
     </span>
     <span class='ocr_line' id='line_1_28' title="bbox 108 3378 1232 3460; baseline 0.006 -29"><span class='ocrx_word' id='word_1_220' title='bbox 108 3378 196 3450; x_wconf 70' lang='lat' dir='ltr'>glossa</span> <span class='ocrx_word' id='word_1_221' title='bbox 207 3389 259 3432; x_wconf 85' lang='lat' dir='ltr'>est:</span> <span class='ocrx_word' id='word_1_222' title='bbox 277 3400 352 3433; x_wconf 73' lang='lat' dir='ltr'>coeco</span> <span class='ocrx_word' id='word_1_223' title='bbox 364 3385 416 3433; x_wconf 77' lang='lat' dir='ltr'>sive</span> <span class='ocrx_word' id='word_1_224' title='bbox 429 3400 494 3433; x_wconf 77' lang='lat' dir='ltr'>vano</span> <span class='ocrx_word' id='word_1_225' title='bbox 507 3383 645 3450; x_wconf 77' lang='lat' dir='ltr'>desiderio)</span> <span class='ocrx_word' id='word_1_226' title='bbox 697 3389 831 3456; x_wconf 82' lang='lat' dir='ltr'>omnibus,</span> <span class='ocrx_word' id='word_1_227' title='bbox 839 3399 865 3442; x_wconf 85' lang='lat' dir='ltr'>et</span> <span class='ocrx_word' id='word_1_228' title='bbox 875 3389 907 3442; x_wconf 90' lang='lat' dir='ltr'>ab</span> <span class='ocrx_word' id='word_1_229' title='bbox 924 3385 1112 3460; x_wconf 78' lang='lat' dir='ltr'>interpolatoris</span> <span class='ocrx_word' id='word_1_230' title='bbox 1126 3387 1232 3456; x_wconf 73' lang='lat' dir='ltr'>ingenio</span> 
     </span>
     <span class='ocr_line' id='line_1_29' title="bbox 108 3461 1230 3542; baseline -0.001 -21"><span class='ocrx_word' id='word_1_231' title='bbox 108 3481 166 3516; x_wconf 85' lang='lat' dir='ltr'>non</span> <span class='ocrx_word' id='word_1_232' title='bbox 180 3461 245 3516; x_wconf 86' lang='lat' dir='ltr'>mihi</span> <span class='ocrx_word' id='word_1_233' title='bbox 255 3463 381 3533; x_wconf 77' lang='lat' dir='ltr'>persuasit</span> <span class='ocrx_word' id='word_1_234' title='bbox 392 3463 534 3532; x_wconf 66' lang='lat' dir='ltr'>Sohund,</span> <span class='ocrx_word' id='word_1_235' title='bbox 547 3465 586 3518; x_wconf 87' lang='lat' dir='ltr'>eui</span> <span class='ocrx_word' id='word_1_236' title='bbox 595 3466 647 3536; x_wconf 84' lang='lat' dir='ltr'>epi·</span> <span class='ocrx_word' id='word_1_237' title='bbox 697 3471 755 3525; x_wconf 75' lang='lat' dir='ltr'>illos</span> <span class='ocrx_word' id='word_1_238' title='bbox 774 3492 827 3524; x_wconf 76' lang='lat' dir='ltr'>esse</span> <span class='ocrx_word' id='word_1_239' title='bbox 847 3471 991 3542; x_wconf 76' lang='lat' dir='ltr'>profectos,</span> <span class='ocrx_word' id='word_1_240' title='bbox 1009 3470 1052 3523; x_wconf 81' lang='lat' dir='ltr'>vix</span> <span class='ocrx_word' id='word_1_241' title='bbox 1066 3467 1230 3522; x_wconf 72' lang='lat' dir='ltr'>credideriut</span> 
     </span>
     <span class='ocr_line' id='line_1_30' title="bbox 107 3546 1232 3618; baseline 0.005 -22"><span class='ocrx_word' id='word_1_242' title='bbox 107 3547 201 3600; x_wconf 83' lang='lat' dir='ltr'>theton</span> <span class='ocrx_word' id='word_1_243' title='bbox 213 3565 354 3618; x_wconf 74' lang='lat' dir='ltr'>magnaque</span> <span class='ocrx_word' id='word_1_244' title='bbox 366 3565 469 3616; x_wconf 81' lang='lat' dir='ltr'>semper</span> <span class='ocrx_word' id='word_1_245' title='bbox 481 3546 619 3616; x_wconf 84' lang='lat' dir='ltr'>displicuit.</span> <span class='ocrx_word' id='word_1_246' title='bbox 697 3557 747 3608; x_wconf 84' lang='lat' dir='ltr'>Pro</span> <span class='ocrx_word' id='word_1_247' title='bbox 760 3555 858 3609; x_wconf 69' lang='lat' dir='ltr'>taboret</span> <span class='ocrx_word' id='word_1_248' title='bbox 867 3565 955 3609; x_wconf 80' lang='lat' dir='ltr'>tamen</span> <span class='ocrx_word' id='word_1_249' title='bbox 968 3576 994 3610; x_wconf 82' lang='lat' dir='ltr'>v.</span> <span class='ocrx_word' id='word_1_250' title='bbox 1005 3559 1064 3608; x_wconf 81' lang='lat'><strong>359.</strong></span> <span class='ocrx_word' id='word_1_251' title='bbox 1078 3552 1232 3606; x_wconf 84' lang='lat' dir='ltr'>substituere</span> 
     </span>
     <span class='ocr_line' id='line_1_31' title="bbox 144 3620 1230 3710; baseline -0.005 -20"><span class='ocrx_word' id='word_1_252' title='bbox 144 3635 203 3683; x_wconf 77' lang='grc'><strong>354·</strong></span> <span class='ocrx_word' id='word_1_253' title='bbox 221 3633 260 3682; x_wconf 74' lang='lat' dir='ltr'>Al</span> <span class='ocrx_word' id='word_1_254' title='bbox 272 3643 355 3684; x_wconf 72' lang='lat' dir='ltr'>mmor</span> <span class='ocrx_word' id='word_1_255' title='bbox 372 3645 397 3683; x_wconf 73' lang='grc'>444</span> <span class='ocrx_word' id='word_1_256' title='bbox 413 3639 453 3685; x_wconf 78' lang='lat'>¹3·</span> <span class='ocrx_word' id='word_1_257' title='bbox 469 3637 509 3683; x_wconf 72' lang='grc'>44-</span> <span class='ocrx_word' id='word_1_258' title='bbox 525 3639 565 3685; x_wconf 80' lang='lat'>⁴7·</span> <span class='ocrx_word' id='word_1_259' title='bbox 582 3620 648 3684; x_wconf 76' lang='grc'>49-</span> <span class='ocrx_word' id='word_1_260' title='bbox 699 3638 789 3691; x_wconf 88' lang='lat' dir='ltr'>malim</span> <span class='ocrx_word' id='word_1_261' title='bbox 801 3641 993 3710; x_wconf 75' lang='lat' dir='ltr'>tlolores,quae</span> <span class='ocrx_word' id='word_1_262' title='bbox 1010 3633 1230 3704; x_wconf 83' lang='lat' dir='ltr'>lectioinquibus·</span> 
     </span>
     <span class='ocr_line' id='line_1_32' title="bbox 108 3715 1229 3790; baseline -0.003 -23"><span class='ocrx_word' id='word_1_263' title='bbox 108 3717 153 3769; x_wconf 78' lang='grc'><strong>22.</strong></span> <span class='ocrx_word' id='word_1_264' title='bbox 172 3721 215 3770; x_wconf 90' lang='grc'>24.</span> <span class='ocrx_word' id='word_1_265' title='bbox 229 3721 271 3770; x_wconf 89' lang='grc'>27.</span> <span class='ocrx_word' id='word_1_266' title='bbox 286 3723 327 3770; x_wconf 90' lang='grc'>47.</span> <span class='ocrx_word' id='word_1_267' title='bbox 344 3726 370 3769; x_wconf 89' lang='lat' dir='ltr'>et</span> <span class='ocrx_word' id='word_1_268' title='bbox 384 3718 458 3768; x_wconf 88' lang='lat' dir='ltr'>XXV</span> <span class='ocrx_word' id='word_1_269' title='bbox 476 3715 552 3770; x_wconf 86' lang='lat' dir='ltr'>codd.</span> <span class='ocrx_word' id='word_1_270' title='bbox 563 3717 648 3770; x_wconf 81' lang='lat' dir='ltr'>Parit.</span> <span class='ocrx_word' id='word_1_271' title='bbox 699 3717 759 3770; x_wconf 82' lang='lat' dir='ltr'>dom</span> <span class='ocrx_word' id='word_1_272' title='bbox 782 3720 912 3790; x_wconf 67' lang='lat' dir='ltr'>reperitur</span> <span class='ocrx_word' id='word_1_273' title='bbox 924 3717 988 3770; x_wconf 83' lang='lat' dir='ltr'>editt</span> <span class='ocrx_word' id='word_1_274' title='bbox 1006 3727 1031 3769; x_wconf 88' lang='grc'>44</span> <span class='ocrx_word' id='word_1_275' title='bbox 1045 3725 1149 3768; x_wconf 84' lang='lat' dir='ltr'>recentt.</span> <span class='ocrx_word' id='word_1_276' title='bbox 1168 3716 1229 3764; x_wconf 86' lang='lat' dir='ltr'>Far·</span> 
     </span>
     <span class='ocr_line' id='line_1_33' title="bbox 108 3795 1231 3866; baseline -0.006 -13"><span class='ocrx_word' id='word_1_277' title='bbox 108 3801 149 3853; x_wconf 78' lang='lat' dir='ltr'>Ar</span> <span class='ocrx_word' id='word_1_278' title='bbox 162 3795 247 3851; x_wconf 72' lang='lat' dir='ltr'>tumen</span> <span class='ocrx_word' id='word_1_279' title='bbox 263 3812 287 3852; x_wconf 82' lang='lat' dir='ltr'>et</span> <span class='ocrx_word' id='word_1_280' title='bbox 307 3805 347 3853; x_wconf 86' lang='grc'>40.</span> <span class='ocrx_word' id='word_1_281' title='bbox 361 3801 403 3853; x_wconf 82' lang='lat' dir='ltr'>Ac</span> <span class='ocrx_word' id='word_1_282' title='bbox 414 3813 496 3852; x_wconf 79' lang='lat' dir='ltr'>tamem</span> <span class='ocrx_word' id='word_1_283' title='bbox 507 3812 534 3851; x_wconf 87' lang='lat' dir='ltr'>ut</span> <span class='ocrx_word' id='word_1_284' title='bbox 551 3807 590 3853; x_wconf 86' lang='lat' dir='ltr'>tt.</span> <span class='ocrx_word' id='word_1_285' title='bbox 610 3800 649 3852; x_wconf 74' lang='lat' dir='ltr'>Er</span> <span class='ocrx_word' id='word_1_286' title='bbox 699 3801 785 3866; x_wconf 80' lang='lat' dir='ltr'>urbii,</span> <span class='ocrx_word' id='word_1_287' title='bbox 812 3801 905 3853; x_wconf 88' lang='lat' dir='ltr'>Lubini</span> <span class='ocrx_word' id='word_1_288' title='bbox 928 3799 963 3852; x_wconf 89' lang='lat' dir='ltr'>al.</span> <span class='ocrx_word' id='word_1_289' title='bbox 983 3799 1051 3851; x_wconf 84' lang='lat' dir='ltr'>Nota</span> <span class='ocrx_word' id='word_1_290' title='bbox 1077 3796 1153 3848; x_wconf 82' lang='lat' dir='ltr'>Helu.</span> <span class='ocrx_word' id='word_1_291' title='bbox 1174 3805 1231 3847; x_wconf 79' lang='lat' dir='ltr'>est:</span> 
     </span>
     <span class='ocr_line' id='line_1_34' title="bbox 108 3881 1253 3956; baseline -0.002 -22"><span class='ocrx_word' id='word_1_292' title='bbox 108 3898 194 3934; x_wconf 73' lang='lat' dir='ltr'>aarum</span> <span class='ocrx_word' id='word_1_293' title='bbox 210 3895 238 3934; x_wconf 88' lang='lat' dir='ltr'>ut</span> <span class='ocrx_word' id='word_1_294' title='bbox 258 3889 300 3938; x_wconf 81' lang='grc'>46.</span> <span class='ocrx_word' id='word_1_295' title='bbox 326 3882 364 3939; x_wconf 86' lang='lat' dir='ltr'>Vt</span> <span class='ocrx_word' id='word_1_296' title='bbox 380 3896 464 3936; x_wconf 78' lang='lat' dir='ltr'>tantm</span> <span class='ocrx_word' id='word_1_297' title='bbox 478 3902 595 3954; x_wconf 70' lang='lat' dir='ltr'>exposoru</span> <span class='ocrx_word' id='word_1_298' title='bbox 609 3889 647 3938; x_wconf 86' lang='grc'>48.</span> <span class='ocrx_word' id='word_1_299' title='bbox 696 3887 796 3940; x_wconf 82' lang='lat' dir='ltr'>“Talia</span> <span class='ocrx_word' id='word_1_300' title='bbox 810 3883 985 3956; x_wconf 67' lang='lat' dir='ltr'>duotorr&#39;lsurer</span> <span class='ocrx_word' id='word_1_301' title='bbox 1001 3881 1232 3953; x_wconf 77' lang='lat' dir='ltr'>improbareetium</span> <span class='ocrx_word' id='word_1_302' title='bbox 1250 3898 1253 3907; x_wconf 76' lang='lat'>¹</span> 
     </span>
     <span class='ocr_line' id='line_1_35' title="bbox 109 3963 1234 4030; baseline -0.008 -5"><span class='ocrx_word' id='word_1_303' title='bbox 109 3971 152 4020; x_wconf 78' lang='lat'>⁴5·</span> <span class='ocrx_word' id='word_1_304' title='bbox 509 3989 511 3994; x_wconf 93' lang='lat'>·</span> <span class='ocrx_word' id='word_1_305' title='bbox 700 3969 803 4023; x_wconf 83' lang='lat' dir='ltr'>videtur</span> <span class='ocrx_word' id='word_1_306' title='bbox 819 3973 886 4023; x_wconf 77' lang='lat' dir='ltr'>Pers.</span> <span class='ocrx_word' id='word_1_307' title='bbox 901 3973 954 4022; x_wconf 84' lang='lat' dir='ltr'>Sat.</span> <span class='ocrx_word' id='word_1_308' title='bbox 971 3973 999 4030; x_wconf 91' lang='lat' dir='ltr'>l,</span> <span class='ocrx_word' id='word_1_309' title='bbox 1015 3973 1091 4020; x_wconf 86' lang='lat' dir='ltr'>92.et</span> <span class='ocrx_word' id='word_1_310' title='bbox 1103 3963 1185 4018; x_wconf 87' lang='lat' dir='ltr'>Bentl.</span> <span class='ocrx_word' id='word_1_311' title='bbox 1200 3965 1234 4016; x_wconf 84' lang='lat' dir='ltr'>ad</span> 
     </span>
     <span class='ocr_line' id='line_1_36' title="bbox 146 4047 1230 4122; baseline -0.004 -17"><span class='ocrx_word' id='word_1_312' title='bbox 146 4056 206 4106; x_wconf 83' lang='grc'><strong>355.</strong></span> <span class='ocrx_word' id='word_1_313' title='bbox 227 4051 370 4105; x_wconf 70' lang='lat' dir='ltr'>stomata</span> <span class='ocrx_word' id='word_1_314' title='bbox 383 4057 425 4105; x_wconf 89' lang='grc'>22.</span> <span class='ocrx_word' id='word_1_315' title='bbox 436 4057 478 4105; x_wconf 82' lang='grc'>46.</span> <span class='ocrx_word' id='word_1_316' title='bbox 490 4055 531 4104; x_wconf 85' lang='grc'>64.</span> <span class='ocrx_word' id='word_1_317' title='bbox 545 4051 649 4102; x_wconf 74' lang='grc'><strong>4444444444-</strong></span> <span class='ocrx_word' id='word_1_318' title='bbox 700 4056 763 4122; x_wconf 77' lang='lat' dir='ltr'>Hor.</span> <span class='ocrx_word' id='word_1_319' title='bbox 779 4053 830 4106; x_wconf 87' lang='lat' dir='ltr'>Od.</span> <span class='ocrx_word' id='word_1_320' title='bbox 846 4055 856 4105; x_wconf 95' lang='lat' dir='ltr'>l</span> <span class='ocrx_word' id='word_1_321' title='bbox 865 4096 872 4118; x_wconf 91' lang='lat'>,</span> <span class='ocrx_word' id='word_1_322' title='bbox 890 4060 940 4116; x_wconf 87' lang='grc'>34,</span> <span class='ocrx_word' id='word_1_323' title='bbox 957 4058 980 4106; x_wconf 88' lang='grc'><strong>5.</strong></span> <span class='ocrx_word' id='word_1_324' title='bbox 996 4051 1045 4103; x_wconf 85' lang='lat' dir='ltr'>Sed</span> <span class='ocrx_word' id='word_1_325' title='bbox 1059 4047 1141 4102; x_wconf 79' lang='lat' dir='ltr'>multi</span> <span class='ocrx_word' id='word_1_326' title='bbox 1154 4048 1230 4101; x_wconf 85' lang='lat' dir='ltr'>sitni-</span> 
     </span>
     <span class='ocr_line' id='line_1_37' title="bbox 109 4128 1233 4194; baseline -0.005 -7"><span class='ocrx_word' id='word_1_327' title='bbox 109 4136 164 4187; x_wconf 85' lang='grc'><strong>444444</strong></span> <span class='ocrx_word' id='word_1_328' title='bbox 178 4143 219 4194; x_wconf 87' lang='grc'>47.</span> <span class='ocrx_word' id='word_1_329' title='bbox 233 4139 274 4190; x_wconf 84' lang='grc'><strong>20.</strong></span> <span class='ocrx_word' id='word_1_330' title='bbox 293 4139 336 4189; x_wconf 83' lang='grc'><strong>23.</strong></span> <span class='ocrx_word' id='word_1_331' title='bbox 350 4141 391 4189; x_wconf 91' lang='grc'>46.</span> <span class='ocrx_word' id='word_1_332' title='bbox 408 4135 530 4188; x_wconf 83' lang='lat' dir='ltr'>tontutula</span> <span class='ocrx_word' id='word_1_333' title='bbox 544 4141 646 4187; x_wconf 80' lang='lat' dir='ltr'>54.sto·</span> <span class='ocrx_word' id='word_1_334' title='bbox 700 4131 734 4185; x_wconf 86' lang='lat' dir='ltr'>lin</span> <span class='ocrx_word' id='word_1_335' title='bbox 761 4132 838 4186; x_wconf 88' lang='lat' dir='ltr'>babet</span> <span class='ocrx_word' id='word_1_336' title='bbox 859 4131 1018 4185; x_wconf 85' lang='lat' dir='ltr'>Schraderus</span> <span class='ocrx_word' id='word_1_337' title='bbox 1041 4128 1073 4181; x_wconf 89' lang='lat' dir='ltr'>ad</span> <span class='ocrx_word' id='word_1_338' title='bbox 1096 4129 1233 4181; x_wconf 82' lang='lat' dir='ltr'>Musaeum</span> 
     </span>
     <span class='ocr_line' id='line_1_38' title="bbox 110 4209 1235 4288; baseline -0.006 -16"><span class='ocrx_word' id='word_1_339' title='bbox 110 4219 229 4272; x_wconf 75' lang='lat' dir='ltr'>munitula</span> <span class='ocrx_word' id='word_1_340' title='bbox 245 4225 285 4273; x_wconf 84' lang='grc'>45.</span> <span class='ocrx_word' id='word_1_341' title='bbox 305 4227 345 4273; x_wconf 84' lang='grc'>46.</span> <span class='ocrx_word' id='word_1_342' title='bbox 364 4220 507 4288; x_wconf 77' lang='lat' dir='ltr'>tbrmutula</span> <span class='ocrx_word' id='word_1_343' title='bbox 527 4220 562 4288; x_wconf 81' lang='lat' dir='ltr'>(a</span> <span class='ocrx_word' id='word_1_344' title='bbox 575 4217 647 4272; x_wconf 68' lang='grc'><strong>,944444</strong></span> <span class='ocrx_word' id='word_1_345' title='bbox 700 4237 725 4287; x_wconf 89' lang='lat' dir='ltr'>p.</span> <span class='ocrx_word' id='word_1_346' title='bbox 742 4221 799 4268; x_wconf 87' lang='grc'><strong>440.</strong></span> <span class='ocrx_word' id='word_1_347' title='bbox 814 4213 969 4284; x_wconf 80' lang='lat' dir='ltr'>Tautologia</span> <span class='ocrx_word' id='word_1_348' title='bbox 980 4231 1044 4266; x_wconf 86' lang='lat' dir='ltr'>vero</span> <span class='ocrx_word' id='word_1_349' title='bbox 1055 4209 1235 4278; x_wconf 82' lang='lat' dir='ltr'>eiusmodiest‚</span> 
     </span>
     <span class='ocr_line' id='line_1_39' title="bbox 112 4295 1231 4373; baseline -0.009 -17"><span class='ocrx_word' id='word_1_350' title='bbox 112 4301 199 4373; x_wconf 74' lang='lat' dir='ltr'>dieta)</span> <span class='ocrx_word' id='word_1_351' title='bbox 214 4301 317 4355; x_wconf 85' lang='lat' dir='ltr'>emend.</span> <span class='ocrx_word' id='word_1_352' title='bbox 336 4303 420 4356; x_wconf 82' lang='lat' dir='ltr'>Valla.</span> <span class='ocrx_word' id='word_1_353' title='bbox 702 4309 730 4353; x_wconf 87' lang='lat' dir='ltr'>ut</span> <span class='ocrx_word' id='word_1_354' title='bbox 747 4299 823 4352; x_wconf 79' lang='lat' dir='ltr'>facile</span> <span class='ocrx_word' id='word_1_355' title='bbox 843 4297 905 4352; x_wconf 85' lang='lat' dir='ltr'>ferri</span> <span class='ocrx_word' id='word_1_356' title='bbox 927 4297 1012 4368; x_wconf 86' lang='lat' dir='ltr'>possit.</span> <span class='ocrx_word' id='word_1_357' title='bbox 1034 4299 1166 4349; x_wconf 78' lang='lat' dir='ltr'>Praeterea</span> <span class='ocrx_word' id='word_1_358' title='bbox 1184 4295 1231 4347; x_wconf 82' lang='lat' dir='ltr'>lie·</span> 
     </span>
     <span class='ocr_line' id='line_1_40' title="bbox 148 4378 1236 4445; baseline -0.006 -10"><span class='ocrx_word' id='word_1_359' title='bbox 148 4392 425 4443; x_wconf 46' lang='lat' dir='ltr'>&amp;Rumor-timete</span> <span class='ocrx_word' id='word_1_360' title='bbox 442 4389 529 4445; x_wconf 74' lang='lat' dir='ltr'>somn</span> <span class='ocrx_word' id='word_1_361' title='bbox 550 4393 591 4443; x_wconf 71' lang='lat'>24,</span> <span class='ocrx_word' id='word_1_362' title='bbox 608 4396 650 4445; x_wconf 81' lang='grc'>64,</span> <span class='ocrx_word' id='word_1_363' title='bbox 702 4382 846 4436; x_wconf 78' lang='lat' dir='ltr'>misllcltlon</span> <span class='ocrx_word' id='word_1_364' title='bbox 868 4401 897 4434; x_wconf 78' lang='lat' dir='ltr'>u</span> <span class='ocrx_word' id='word_1_365' title='bbox 923 4401 949 4435; x_wconf 81' lang='lat' dir='ltr'>v.</span> <span class='ocrx_word' id='word_1_366' title='bbox 973 4381 1091 4434; x_wconf 81' lang='lat' dir='ltr'>360.iam</span> <span class='ocrx_word' id='word_1_367' title='bbox 1119 4378 1236 4432; x_wconf 75' lang='lat' dir='ltr'>laud-&#39;alut’</span> 
     </span>
    </p>
   </div>
   <div class='ocr_carea' id='block_1_4' title="bbox 2 4435 1234 4536">
    <p class='ocr_par' dir='ltr' id='par_1_4' title="bbox 2 4435 1234 4536">
     <span class='ocr_line' id='line_1_41' title="bbox 2 4435 1234 4536; baseline -0.009 -8"><span class='ocrx_word' id='word_1_368' title='bbox 2 4435 3 4503; x_wconf 63' lang='lat' dir='ltr'>l</span> <span class='ocrx_word' id='word_1_369' title='bbox 112 4473 156 4527; x_wconf 63' lang='lat'>62.</span> <span class='ocrx_word' id='word_1_370' title='bbox 167 4476 211 4524; x_wconf 82' lang='lat'>⁶3.</span> <span class='ocrx_word' id='word_1_371' title='bbox 224 4477 335 4524; x_wconf 68' lang='lat' dir='ltr'>tte-69.</span> <span class='ocrx_word' id='word_1_372' title='bbox 350 4475 459 4527; x_wconf 75' lang='lat' dir='ltr'>tt-tt.</span> <span class='ocrx_word' id='word_1_373' title='bbox 701 4467 838 4521; x_wconf 84' lang='lat' dir='ltr'>Macrobio</span> <span class='ocrx_word' id='word_1_374' title='bbox 855 4470 946 4521; x_wconf 84' lang='lat' dir='ltr'>Somn.</span> <span class='ocrx_word' id='word_1_375' title='bbox 960 4467 1027 4536; x_wconf 62' lang='lat' dir='ltr'>scip.</span> <span class='ocrx_word' id='word_1_376' title='bbox 1045 4469 1075 4530; x_wconf 88' lang='lat' dir='ltr'>l,</span> <span class='ocrx_word' id='word_1_377' title='bbox 1095 4471 1118 4518; x_wconf 74' lang='lat'>8.</span> <span class='ocrx_word' id='word_1_378' title='bbox 1133 4465 1234 4517; x_wconf 81' lang='lat' dir='ltr'>Passio-</span> 
     </span>
    </p>
   </div>
   <div class='ocr_carea' id='block_1_5' title="bbox 217 4563 1130 4644">
    <p class='ocr_par' dir='ltr' id='par_1_5' title="bbox 217 4563 1130 4644">
     <span class='ocr_line' id='line_1_42' title="bbox 217 4563 1130 4644; baseline -0.005 -2"><span class='ocrx_word' id='word_1_379' title='bbox 217 4569 297 4644; x_wconf 79' lang='lat' dir='ltr'>ltr.</span> <span class='ocrx_word' id='word_1_380' title='bbox 325 4569 354 4642; x_wconf 89' lang='lat' dir='ltr'>l.</span> <span class='ocrx_word' id='word_1_381' title='bbox 1099 4563 1130 4637; x_wconf 69' lang='lat' dir='ltr'>N</span> 
     </span>
    </p>
   </div>
   <div class='ocr_carea' id='block_1_6' title="bbox 0 0 1559 5498">
    <p class='ocr_par' dir='ltr' id='par_1_6' title="bbox 0 0 1559 5498">
     <span class='ocr_line' id='line_1_43' title="bbox 0 0 1559 5498; baseline 0 0"><span class='ocrx_word' id='word_1_382' title='bbox 0 0 1559 5498; x_wconf 95' lang='lat' dir='ltr'> </span> 
     </span>
    </p>
   </div>
  </div>
 </body>
</html>
