3078 5494
521 368 670 427 sarius
710 371 800 428 xiv.
935 317 949 408 .'
1121 343 1215 434 255

92 570 178 644 Dat
193 567 404 644 libertatem
423 583 461 642 et
480 583 574 643 totas
593 565 754 642 effundit
771 565 933 644 habenas
1172 606 1223 661 no

22 667 30 680 ⁵
92 685 330 761 Curriculo:
347 711 461 789 quem
480 687 508 759 si
527 707 701 776 revoces,
721 683 921 760 subsistere
938 688 1058 760 nescit

93 805 151 876 Et
173 821 210 878 te
228 789 418 880 contemto
438 803 585 904 rapitur
600 803 782 904 metisque
800 799 952 877 relictis.

91 917 223 990 Nemo
241 919 328 990 satis
348 914 470 992 credit
489 933 634 990 tantum
652 915 895 1019 delinquere,
913 934 1094 1017 quantum

94 1033 326 1106 Permittas:
348 1031 442 1106 adeo
462 1031 661 1134 indulgent
679 1032 748 1106 sibi
766 1031 877 1106 latius
890 1034 972 1134 ipsi,

151 1147 284 1238 Quum
304 1144 397 1219 (licis
417 1149 567 1237 iuveni,
585 1145 762 1233 stultum,
779 1149 845 1257 qui
863 1145 979 1219 donet
998 1150 1140 1238 amico,
1171 1183 1219 1234 235

94 1260 179 1351 Qui
200 1278 460 1364 paupertatem
480 1261 580 1337 levet
599 1260 823 1364 attollatque
839 1265 1045 1365 propinqui
1056 1290 1066 1352 3

94 1375 150 1446 Et
174 1375 336 1479 spoliare
355 1375 490 1468 doces,
509 1395 548 1450 et
564 1375 892 1467 circumscribere,
913 1392 951 1449 et
970 1381 1073 1452 omni

96 1489 268 1564 Crimine
287 1489 435 1566 divitias
451 1495 670 1596 acquirere,
689 1519 850 1595 quarum
871 1513 975 1566 amor
993 1495 1035 1566 in
1054 1511 1113 1583 te,

98 1607 277 1698 Quantus
296 1626 377 1682 erat
395 1614 539 1714 patriae
556 1611 759 1684 Deciorum
778 1611 820 1683 in
837 1626 1013 1713 pectore,
1038 1625 1223 1712 quantum

98 1723 246 1800 Dilexit
264 1727 433 1819 Thebas,
450 1731 479 1803 si
497 1729 655 1802 Graecia
674 1753 782 1818 vera,
800 1728 1045 1801 Menoeceus:
1174 1765 1223 1814 240

97 1841 146 1914 In
171 1870 335 1944 quorum
353 1843 463 1920 salcis
482 1843 651 1946 legiones
668 1842 844 1923 dentibus
863 1845 995 1946 anguis

100 1959 201 2032 Cum
220 1958 361 2064 clypeis
377 1975 592 2036 nascuntur
602 1979 642 2034 et
658 1959 811 2036 horrida
829 1958 930 2034 bella
948 1978 1148 2063 capessunt

100 2071 320 2163 Continuo,
339 2079 529 2175 taniquam
548 2091 586 2150 et
606 2075 759 2150 tubicen
780 2076 988 2148 surrexerit
1007 2098 1093 2148 una.

102 2189 210 2289 Ergo
227 2191 352 2289 ignem
361 2245 375 2280 ,
402 2191 509 2265 cuius
526 2189 706 2266 scintillas
722 2192 801 2294 ipse
821 2187 979 2278 dedisti,

104 2303 348 2408 Flagrantem
365 2304 441 2383 late
460 2325 497 2384 et
515 2310 722 2412 rapientem
741 2324 876 2382 cuncta
894 2305 1046 2382 videbis.
1175 2343 1223 2394 245

106 2577 158 2614 suo
170 2557 309 2630 exemplari
324 2559 442 2614 babuisse
454 2559 557 2614 videtur
570 2569 643 2613 retus
727 2561 784 2611 232.
798 2557 850 2612 set
862 2555 930 2624 conj.
944 2555 1075 2610 Platbaer.

106 2643 198 2698 Schot.
207 2644 251 2714 qui
261 2644 335 2696 illum
346 2643 448 2696 silentio
462 2643 642 2713 praetermisit,
726 2647 784 2695 233.
796 2644 878 2694 credet
891 2647 931 2693 24.

107 2739 134 2781 et
154 2728 232 2781 verba
243 2729 287 2780 alat
299 2729 435 2781 libertatem
448 2727 581 2796 exposuit.-
596 2746 641 2779 au·
726 2725 784 2775 235.
800 2720 849 2774 cir
862 2726 901 2774 22.
912 2753 943 2763 -
957 2721 1024 2774 diosa
1038 2725 1077 2776 46.
1087 2749 1117 2762 ··-
1130 2723 1221 2783 staltm,

106 2811 254 2864 ctoritatem
264 2822 290 2864 et
300 2811 440 2880 nequitiam
452 2809 587 2881 permittit
597 2811 643 2864 Est
692 2805 733 2875 qui
747 2805 823 2857 donat
835 2825 871 2868 a,
896 2804 946 2874 (lai
963 2825 988 2872 p.
1006 2805 1072 2856 levat
1088 2805 1224 2868 attollitque

107 2894 182 2946 bauti
199 2893 278 2948 dubie
292 2893 397 2958 lacinia,
415 2893 503 2951 adsuta
515 2894 547 2946 ab
559 2893 640 2946 iater-
690 2905 719 2957 p.
728 2895 767 2941 43.
780 2888 840 2941 Nou
854 2885 942 2951 male,
962 2897 990 2940 ut
1007 2889 1062 2958 ipsa
1075 2886 1126 2941 aiat
1146 2891 1224 2958 patris

106 2975 242 3047 palatuar,
262 2977 307 3047 qui
336 2977 412 3030 verba
434 2977 487 3028 Dat
507 2978 644 3028 libatum
693 2969 779 3022 verba.

107 3079 165 3112 non
178 3060 355 3130 concoquebn
363 3102 371 3126 ‚
383 3058 433 3113 uisi
448 3057 508 3113 talia
520 3058 645 3113 addereti-
727 3053 784 3107 236.
798 3053 863 3104 levat
884 3059 926 3105 45.
941 3057 982 3105 tc,
999 3056 1081 3105 23.—
1094 3053 1224 3122 attulitque

107 3153 161 3198 tur.
183 3145 273 3198 Minus
293 3143 400 3213 quidem
419 3142 565 3213 languebit,
582 3143 603 3196 si
619 3153 644 3195 et
696 3143 736 3190 43.
750 3143 791 3191 40.
812 3137 956 3207 attolletque
975 3141 1015 3189 45.
1026 3135 1098 3189 tollat
1118 3136 1225 3205 levemus

106 3246 136 3278 v.
151 3231 211 3281 228.
225 3237 251 3279 et
265 3232 324 3281 23⁰.
337 3243 384 3297 pro
397 3231 472 3278 etiam
481 3225 592 3296 positum
604 3243 644 3278 aa·
680 3224 778 3302 ,24-
786 3221 947 3290 propinquum
960 3223 1003 3271 24.

107 3311 216 3382 tepens.
234 3311 268 3364 At
282 3311 338 3380 quis
358 3311 423 3362 serat
444 3309 509 3362 banc
526 3309 643 3378 capulam
728 3308 788 3358 ²38.
800 3307 928 3374 auqubere
944 3302 1020 3354 etiam
1035 3301 1088 3355 Μ.
1104 3302 1225 3372 suspicari

106 3395 186 3448 toties
199 3394 314 3448 aesario
330 3413 408 3447 sensu
428 3393 561 3463 repetitam
575 3411 642 3446 eam-
694 3386 774 3460 possis
786 3405 877 3456 vairp.
891 3385 923 3438 etl
937 3387 988 3450 Vl,
1004 3389 1101 3437 504.-
1115 3389 1225 3438 intent

107 3479 224 3550 demque
250 3477 402 3532 senteutiam
422 3487 463 3531 ter
480 3479 645 3548 expressam?
698 3476 736 3523 48.
755 3475 785 3522 49
802 3487 928 3522 am.eec.
953 3471 992 3522 22.
1010 3471 1051 3521 25.
1069 3472 1110 3522 27.
1126 3473 1166 3521 tc.
1182 3475 1224 3523 47.

106 3559 178 3612 Hinc
190 3561 269 3613 etiam
283 3577 335 3612 uon
349 3559 432 3631 placet
444 3557 530 3627 opinio
544 3575 645 3622 eorum,
695 3557 787 3608 4850.
797 3557 903 3606 54-60.
914 3557 1024 3630 linit.

112 3641 159 3712 qui
173 3662 201 3696 v.
216 3647 276 3698 230.
300 3657 325 3696 et
341 3653 401 3696 aute
422 3654 486 3694 totas
505 3639 645 3694 delendum
729 3641 787 3689 244.
800 3655 903 3707 quarum
916 3639 928 3703 (
939 3633 1167 3700 scil‘l'bebarum)
1183 3640 1224 3687 t9.

107 3737 218 3798 putant,
244 3735 272 3780 ut
292 3727 379 3781 verbis
406 3725 477 3781 Nam
496 3731 646 3798 quisquir-
697 3723 738 3774 25.
756 3725 797 3773 46.
807 3726 847 3774 48.
857 3725 899 3772 49.
909 3723 947 3772 50.
959 3723 1220 3772 54-57.50-69.74

109 3813 158 3864 dat
170 3811 309 3864 libaturam
323 3809 445 3884 aspirator:
459 3812 545 3879 (quae
555 3808 591 3860 sie
603 3808 642 3860 ni·
696 3805 805 3854 —ttet
819 3799 894 3852 multi
909 3797 983 3851 codri.
1004 3798 1084 3850 Paris.
1104 3797 1147 3849 sed
1165 3817 1225 3866 φο·

111 3894 166 3946 mis
178 3891 256 3965 longa
266 3903 305 3946 est
316 3903 341 3946 et
349 3891 532 3962 rauroiapti),
543 3890 647 3962 reliquis
697 3902 750 3934 mm
775 3889 799 3935 l·
822 3887 929 3936 40-48·
950 3886 1058 3934 lli-24·
1075 3884 1115 3933 27·
1135 3879 1226 3948 optimi

111 3995 185 4042 vero,
200 3989 264 4029 totas
277 3973 386 4046 qffwrdit
397 3975 505 4027 lrabeuas
515 3983 573 4036 cet,
585 3973 647 4029 ltad-
697 3965 772 4020 codd.
790 3963 866 4017 Paris.
885 3965 961 4032 (Put.
977 3961 1072 4016 Faucia.
1093 3960 1162 4014 Ater.
1177 3961 1223 4012 Se-

110 4055 182 4118 tlaott
196 4056 366 4110 contineatur.
391 4057 459 4110 Toto
473 4057 646 4125 potiusversu
697 4048 864 4124 uttflbuaa.
878 4043 1227 4116 etalii)quotltloctiusest.

112 4141 195 4194 eiecto
209 4138 273 4194 nibil
287 4150 325 4192 est
333 4181 341 4206 ,
360 4139 429 4210 qaod
442 4139 469 4191 in
487 4138 513 4191 b.
522 4136 538 4192 l.
554 4138 643 4210 displi·
698 4153 724 4188 v.
735 4137 837 4187 comm.

112 4235 179 4278 teat.
193 4225 246 4278 vid.
259 4227 363 4278 Corum.
539 4212 548 4232 '
733 4225 792 4272 243.
805 4232 828 4271 et
840 4231 965 4288 tamquam
983 4220 1067 4270 20.-
1083 4215 1170 4268 ittam
1184 4218 1225 4268 22.

149 4313 207 4360 230.
226 4306 317 4377 effrata
330 4309 527 4365 tarsitii.
541 4311 646 4362 tc-ts.
700 4309 740 4357 ts.

124 4381 436 4446 a-ss.ss.u.as-is.
696 4429 700 4456 ᾗ
732 4390 789 4439 irs.
804 4398 828 4438 a
842 4386 891 4440 aa
907 4391 942 4438 ro.
956 4393 994 4440 u.
1013 4392 1052 4440 aa.
1064 4389 1167 4440 tr-is.
1186 4386 1227 4436 23,
