3108 5494
338 375 402 511 46
456 425 458 434 ·
793 409 1022 477 rvvnurns

268 619 272 624 ’
337 619 512 700 Serritii.¹
526 619 721 722 Nusquam
740 623 865 694 minor
884 635 940 695 est
956 620 1099 696 iactura
1117 617 1276 698 clientis.
1417 619 1484 680 '⁴²⁵

337 737 450 834 Quod
469 761 585 841 porro
606 737 785 827 officium,
805 763 853 810 ne
875 736 983 813 nobis
1001 735 1199 830 blandiar,
1224 755 1289 814 aut
1310 737 1419 844 quod

336 857 517 960 Pauperis
535 854 596 928 hic
618 857 813 946 meritum,
834 857 862 930 si
884 873 993 930 curet
1010 873 1123 930 nocte
1144 842 1313 960 togatus

336 976 522 1064 Currere,
543 999 657 1072 quum
678 977 836 1050 Praetor
857 972 1030 1049 lictorem
1051 969 1246 1076 impellat,
1266 993 1304 1050 et
1323 977 1380 1052 ire

335 1089 584 1189 Praecipitem
603 1087 757 1181 iubeat,
780 1089 926 1165 dudum
947 1089 1188 1192 vigilantibus
1208 1089 1332 1183 orbis,

335 1208 391 1282 Ne
413 1211 519 1310 prior
536 1205 714 1282 Albinam
733 1226 771 1284 et
790 1209 955 1285 Modiam
973 1207 1119 1311 collega
1139 1207 1307 1286 salutet?
1368 1275 1372 1286 .
1423 1210 1483 1262 ⁴³⁰

334 1325 465 1400 Divitis
484 1325 545 1398 hic
563 1323 822 1434 serviclandit
840 1326 938 1402 latus
954 1329 1210 1432 ingenuorum

335 1440 473 1520 Filius:
493 1441 589 1516 alter
607 1445 728 1534 enim,
749 1461 934 1546 quantum
955 1447 996 1518 in
1014 1441 1164 1546 legione
1183 1441 1347 1518 Tribuni

336 1561 557 1664 Accipiunt,
576 1558 694 1633 donat
714 1558 891 1636 Calvinae
910 1559 970 1640 vel
988 1563 1187 1653 Catienae,

337 1679 390 1750 Vt
410 1672 525 1750 semel
544 1691 664 1778 atque
680 1677 818 1751 iterum
836 1703 952 1780 super
973 1675 1077 1752 illam
1096 1675 1275 1782 palpitet:
1296 1691 1334 1748 at
1353 1690 1419 1768 tu,

338 1797 465 1888 Quum
484 1790 556 1866 tibi
572 1794 695 1871 vestiti
715 1792 828 1869 facies
848 1799 962 1870 scorti
980 1794 1127 1899 placet,
1145 1796 1278 1868 haeres
1421 1789 1479 1840 ⁴³⁵

337 1915 388 1987 Et
404 1910 553 1986 dubitas
573 1908 649 1985 alta
667 1913 842 1988 Chionen
860 1911 1053 1988 deducere
1071 1911 1175 1988 sella.
1230 1943 1248 1990 ῃ

340 2031 398 2103 Da
417 2043 548 2102 testem
561 2031 704 2104 Romae
723 2046 798 2102 tarn
818 2047 1011 2120 sanctum,
1030 2057 1143 2131 quam
1161 2027 1234 2102 fuit
1249 2026 1384 2132 hospes

340 2148 375 2221 N
380 2145 517 2220 uminis
537 2143 663 2218 Idaei:
684 2145 869 2250 procedat
886 2144 946 2221 vel
966 2148 1110 2240 Numa,
1126 2144 1185 2220 vel
1206 2145 1272 2246 qui

345 2257 516 2340 Servavit
535 2261 720 2367 trepidam
738 2263 916 2366 flagranti
936 2291 981 2340 ex
999 2263 1092 2340 aede
1110 2266 1340 2338 Minervam:

342 2384 529 2458 Protenus
548 2380 597 2456 ad
616 2407 770 2455 censum
781 2411 791 2472 ;
813 2382 861 2456 de
879 2383 1047 2458 moribus
1066 2379 1198 2456 ultima
1215 2381 1279 2454 fiet
1417 2383 1469 2432 ⁴⁴⁰

345 2500 534 2592 Quaestio
560 2501 663 2594 Quot
681 2499 801 2603 pascit
819 2501 974 2577 servos?
1000 2517 1094 2601 quot
1112 2495 1279 2604 possidet
1299 2499 1380 2598 agri

344 2616 511 2718 Iugera?
532 2643 645 2718 quam
664 2615 781 2690 multa
801 2643 1013 2719 magnaque
1031 2615 1235 2720 paropside
1256 2618 1422 2690 coenat?

347 2735 537 2828 Quantum
558 2735 721 2837 quisque
741 2759 807 2808 sua
826 2759 1067 2809 nummorum
1088 2751 1211 2809 servat
1227 2735 1269 2806 in
1288 2755 1392 2823 arca,

384 3055 441 3104 425.
454 3068 578 3121 nunquam
593 3052 634 3104 44.
649 3055 692 3104 77.
936 3047 978 3102 rel
992 3049 1071 3113 cella,
1094 3047 1188 3122 qnippe
1201 3064 1267 3120 quae
1285 3047 1368 3120 magis
1382 3045 1475 3101 deceat

382 3139 441 3189 427.
455 3147 548 3198 curret,
563 3138 650 3200 currit,
665 3145 747 3186 ararat
760 3131 793 3186 al.
934 3145 1019 3188 scorta
1038 3134 1142 3188 sordida
1162 3153 1193 3188 ac
1214 3133 1350 3199 famelica,
1367 3132 1475 3185 emend.

383 3225 440 3272 429.
452 3220 637 3274 dudamiubeat
651 3227 691 3273 49.
708 3225 752 3272 20.
904 3214 910 3232 '
936 3216 1128 3272 Chimentellns
1147 3217 1180 3270 de
1205 3217 1306 3272 honore
1332 3213 1426 3272 hisellii
1450 3235 1475 3270 c.

384 3309 444 3358 430.
463 3301 522 3358 Nea
535 3303 641 3374 quidam
652 3302 887 3376 libri-Alpinam
937 3308 980 3358 24.
989 3325 1016 3375 p.
1033 3309 1091 3358 422.
1122 3305 1158 3357 At
1170 3322 1196 3356 v.
1207 3305 1313 3358 Comm.

349 3388 470 3440 20.-au
483 3387 604 3440 Modiam
620 3393 660 3440 47.
680 3391 722 3438 49.
734 3389 776 3438 20.
789 3393 831 3440 46.
843 3390 887 3439 ts.
973 3393 1030 3442 439.
1053 3388 1164 3459 tepidam
1176 3393 1220 3440 45.
1230 3397 1259 3440 et
1273 3386 1309 3440 ila
1321 3387 1415 3459 corrig.
1425 3389 1478 3439 Iac.

348 3475 391 3524 49.
409 3473 450 3524 57.
463 3475 576 3524 ‹tt-63.
589 3473 699 3523 66-69.
713 3473 825 3523 71-74.
889 3506 891 3514 ι
937 3470 996 3525 Nic.
1015 3471 1123 3525 boensis
1135 3467 1245 3526 Miscell.
1261 3468 1393 3542 Epiphyll.
1407 3475 1436 3532 9,
1450 3473 1477 3523 2.

308 3591 311 3598 .
384 3559 440 3607 434.
457 3553 558 3606 eludat
583 3557 626 3605 49.
649 3557 689 3607 58.
712 3551 814 3606 enudat
843 3556 886 3606 45.
937 3557 1257 3630 languidumsubstituens
1273 3555 1386 3610 verbnm
1401 3564 1481 3608 acuto

348 3638 431 3692 cludit
443 3636 479 3690 al.
852 3679 854 3686 ⁴
938 3659 968 3696 ec
981 3641 1096 3696 satirico.

342 3790 347 3804 x
385 3727 443 3778 434.
462 3723 510 3774 itta
528 3726 727 3776 45.-artut⁹.
971 3732 1029 3783 440.
1044 3727 1168 3780 Proteum
1180 3725 1274 3797 scripsi
1290 3743 1338 3796 pro
1350 3725 1480 3778 Proerna.

386 3813 442 3862 435.
456 3808 515 3860 tene
529 3824 576 3876 pro
592 3807 638 3858 tibi
649 3811 692 3860 22.
974 3817 1034 3864 444.
1052 3810 1121 3881 Quot
1132 3828 1214 3862 servos
1220 3813 1300 3881 pascit
1316 3817 1355 3863 44.
1369 3813 1412 3861 43.

388 3895 448 3944 436.
466 3887 579 3942 Chionen
598 3887 684 3958 recepi
705 3906 752 3960 pro
767 3884 890 3942 Clrionun
961 3902 1035 3950 442.
1054 3915 1149 3968 mgna
1167 3896 1291 3967 multaque
1317 3900 1478 3966 24.-Μ.

351 3993 385 4027 ex
402 3980 443 4028 56.
459 3977 500 4027 60.
522 3977 620 4029 6465.
634 3977 677 4028 74).
700 3979 742 4028 74.
760 3971 890 4046 Chyonem
938 3977 1010 4050 pride
1028 3977 1070 4031 vel
1081 3977 1213 4050 parabside
1230 3982 1255 4030 2.
1274 3983 1298 4030 3.
1316 3980 1339 4028 5.
1367 3981 1407 4029 to.
1436 3983 1482 4029 44.

350 4065 393 4114 24.
413 4058 531 4114 Clionem
551 4065 591 4112 24.
617 4057 724 4113 Gonem
748 4059 891 4114 22.-cella
944 4068 1054 4118 44-47.
1074 4081 1089 4114 a
1108 4079 1202 4134 rmpr.
1228 4064 1339 4114 24-23.
1368 4063 1409 4112 25.
1437 4065 1482 4112 33.

350 4162 398 4214 pro
411 4145 474 4196 sella
488 4142 557 4196 coni.
575 4141 688 4196 Farnab.
702 4152 728 4195 et
740 4141 847 4213 Pignor.
858 4141 891 4196 de
944 4153 1040 4202 3447.
1063 4151 1102 4199 54.
1122 4148 1165 4199 55.
1182 4149 1225 4199 58.
1254 4144 1380 4198 esxxx1
1404 4139 1484 4196 codd.
1534 4167 1538 4174 ·

350 4245 422 4282 serv.
446 4247 473 4298 p.
489 4235 546 4281 437.
566 4231 626 4282 284.
647 4225 709 4280 coll.
722 4227 772 4281 ins.
790 4231 816 4290 6,
831 4230 892 4280 422.
942 4229 1021 4283 Paris.
1030 4227 1103 4298 proh.
1111 4221 1487 4290 Latinouurnetoersmra·

352 4313 433 4382 idque
454 4315 576 4384 expressit
600 4312 703 4368 Bahrdt.
731 4313 783 4367 Sed
810 4313 889 4368 calluc
943 4314 1014 4370 dero.
1032 4311 1155 4384 Parapris
1170 4309 1406 4384 ‹pmdraagulumet
1420 4325 1487 4376 qua·

351 4393 599 4452 meretricum'non
623 4399 690 4452 altae
717 4417 787 4463 esse,
805 4416 890 4468 neque
943 4400 1090 4457 delatarum
1103 4417 1169 4462 vas,
1186 4397 1277 4462 idest,
1296 4392 1398 4465 paribus
1412 4391 1480 4454 alti*

353 4483 402 4545 hat
416 4484 508 4552 deduci·
530 4483 593 4547 inde
610 4482 736 4552 sotebant.
749 4485 893 4552 ostautta
944 4485 1001 4558 dir,
1020 4483 1111 4584 tritor.
1127 4483 1155 4548 ia
1175 4479 1247 4562 orig·
