3098 5498
507 471 656 529 stttttt
695 473 756 530 lX.

88 667 260 757 viderit,
278 682 317 740 et
334 664 496 740 blandae
515 667 661 744 assidue
679 667 894 774 densaeque
914 667 1073 744 tabellae

89 781 328 857 sollicitent:
356 779 459 869 atat,
484 781 548 884 γὰρ
566 781 723 884 iudicarat
743 783 847 886 ἄνδρα
866 783 1022 874 wuardes.

89 899 206 994 Quod
218 917 342 974 tamen
353 896 513 974 ulterius
524 918 865 1004 monstrum,quam
875 900 998 978 mollis
1008 904 1208 980 avarus?-

77 1015 193 1106 ,Haec
215 1015 351 1106 tribui,
367 1013 508 1090 deinde
527 1013 592 1090 illa
612 1014 722 1108 dedi,
742 1045 826 1094 mox
845 1013 957 1121 plura
977 1016 1104 1094 tulisti.

89 1131 310 1236 (Computat
327 1156 371 1206 ac
390 1131 533 1232 cevetl)
556 1135 726 1210 Ponatur
744 1132 933 1226 calculus,
952 1133 1075 1211 adsint
1175 1169 1209 1220 tt

89 1247 184 1321 Cum
203 1245 332 1323 tabula
350 1252 482 1353 pueri:
501 1276 657 1326 numera
677 1252 846 1328 sestertia
862 1252 1033 1354 quinque

88 1363 273 1439 Omnibus
289 1367 330 1440 in
350 1365 482 1456 nebim
500 1383 749 1444 numerentur
764 1365 904 1444 deinde
921 1365 1134 1442 labores.—

88 1481 147 1552 An
165 1479 334 1558 facile'et
353 1507 516 1586 pronum
534 1500 590 1559 est
608 1510 720 1586 agere
740 1485 841 1560 intra
860 1485 1002 1562 viscere
1023 1509 1162 1586 penem

88 1598 314 1697 Legitimum
335 1615 448 1702 atque
464 1597 542 1673 illic
558 1599 758 1676 hesternae
775 1623 980 1676 occurrere
1001 1599 1171 1674 coenae‘l

91 1715 232 1789 Servus
251 1718 324 1788 erit
342 1719 465 1791 minus
484 1715 549 1791 ille
568 1719 697 1808 miser,
715 1719 784 1822 qui
802 1714 944 1792 foderit
962 1741 1115 1816 agrum,
1177 1753 1209 1802 42,
1291 1769 1299 1779 ·

91 1830 214 1922 Quam
233 1828 450 1906 dominum!
478 1832 554 1906 Sed
571 1851 614 1906 tu
633 1860 723 1906 sane
742 1851 917 1906 tenerum
934 1849 975 1904 et
988 1857 1151 1934 puerum
1172 1848 1208 1904 te

79 1949 141 2020 ¹Et
160 1943 337 2048 pulcrum
356 1965 394 2022 et
412 1947 568 2049 dignum
587 1948 723 2050 cyatho
743 1944 928 2050 coeloque
946 1945 1118 2052 putabas.

93 2065 172 2137 Vos
190 2063 322 2138 humili
342 2061 551 2154 asseculae,
573 2090 638 2140 voa
656 2063 900 2166 indulgebitis
918 2089 1096 2167 umquam

95 2175 242 2252 Cultori
252 2236 265 2271 ‚
286 2180 359 2252 iam
376 2204 447 2252 nec
465 2179 598 2255 morbo
617 2178 762 2254 donare
782 2180 930 2282 parati?

97 2298 158 2370 En
186 2297 247 2369 cui
265 2312 307 2368 tu
324 2295 481 2372 viridem
498 2294 717 2385 umbellam,
734 2298 796 2370 cui
814 2296 965 2372 succina
985 2297 1107 2370 mittas
1178 2327 1211 2378 aa

99 2411 287 2500 Grandia,
304 2410 438 2487 natalis
457 2415 604 2516 quoties
625 2411 744 2502 redit,
762 2429 828 2486 aut
853 2409 1044 2484 madidum
1063 2437 1130 2486 ver

98 2525 255 2631 Incipit,
274 2544 312 2602 et
328 2544 442 2604 strata
460 2531 602 2632 positus
622 2527 812 2630 longaque
832 2525 1010 2600 cathedra

98 2647 261 2720 Munera
279 2644 448 2720 femineis
469 2649 604 2720 tractat
623 2661 765 2719 secreta
777 2643 979 2718 Calendis!

131 2907 175 2955 36.
189 2899 260 2954 ntea
273 2918 288 2952 a
302 2867 344 2952 24.
361 2899 451 2950 blande
468 2899 581 2966 auidam
594 2903 633 2949 44.
684 2913 731 2950 nec
748 2893 830 2948 aliena
843 2893 939 2967 quadra
955 2912 1018 2963 opus
1028 2891 1130 2960 habere,
1143 2889 1211 2960 conj.

100 2991 141 3039 45.
154 2985 246 3036 blnda
252 2984 397 3052 assidueque
410 2979 633 3034 titalebatllacena.
684 2981 716 3032 li.
731 2978 853 3032 Valesius.

97 3067 142 3137 qui
165 3070 245 3120 etiarn
259 3065 328 3120 male
351 3065 453 3117 tabellas
465 3063 567 3134 putabat
580 3081 634 3116 ease
717 3068 758 3115 46.
781 3059 842 3116 Non
863 3061 989 3112 docuinam
1008 3065 1047 3112 47.
1064 3063 1105 3111 20.
1129 3061 1213 3110 45.-

99 3169 203 3204 mensaa
226 3151 284 3202 aive
315 3148 634 3218 convivia-pictaeque
683 3149 804 3196 teroertt.
822 3149 980 3196 44.46-49.
999 3146 1037 3196 23.
1059 3142 1212 3194 24.27.45.

97 3236 205 3288 utettaae
219 3237 263 3288 20.
683 3237 724 3283 47.
737 3233 778 3281 50.
792 3233 832 3282 58.
848 3232 956 3281 64-69.
971 3231 1078 3280 74-74.
1095 3235 1120 3276 et
1132 3221 1210 3293 pleri·

136 3328 179 3375 57.
199 3337 225 3372 v.
238 3321 344 3371 Ειειιη.
361 3315 393 3370 ad
409 3314 436 3368 h.
450 3313 470 3370 l.
683 3329 731 3380 que
746 3309 821 3362 codd.
835 3309 913 3362 Paria.
933 3307 1001 3360 unde
1024 3305 1088 3361 illud
1103 3305 1215 3360 restituit

134 3409 179 3456 40.
196 3423 223 3456 v.
236 3404 341 3455 Excute.
356 3400 387 3453 ad
400 3398 427 3452 h.
440 3397 459 3452 l.
683 3392 746 3446 ach.
756 3406 779 3444 et
793 3406 900 3444 teucrum
911 3411 1013 3462 puerum
1031 3396 1070 3442 46.
1086 3395 1126 3443 48.
1143 3402 1166 3441 at
1180 3402 1216 3440 te·¹

134 3495 319 3557 43.promtum
340 3483 634 3550 t.-tauaprotmra
683 3456 765 3530 neuim
786 3491 808 3530 ct
826 3495 929 3548 puerum
949 3483 989 3529 49.
1006 3481 1047 3529 55.
1075 3493 1174 3546 puerum
1191 3483 1214 3524 et

102 3577 143 3626 46.
158 3572 255 3623 Versus
272 3575 315 3622 43.
335 3577 361 3620 et
374 3571 418 3619 44.
434 3583 488 3618 aon
505 3561 635 3617 luvenalis
682 3575 789 3616 tenerum
802 3567 843 3614 77.

99 3673 173 3721 eane,
196 3655 241 3708 aed
258 3650 508 3723 ianptrrieuiuadem
522 3645 631 3700 nebulo·
717 3652 758 3698 47.
789 3645 826 3696 Et
859 3645 964 3710 dignum
988 3654 1011 3692 et
1033 3640 1144 3710 pnlcutm
1173 3643 1216 3692 24.

100 3741 155 3805 nie,
168 3737 362 3808 auspicabantur
375 3733 451 3788 Valla
468 3731 557 3785 etalii.
581 3729 633 3786 sat
685 3730 722 3781 Ta
738 3729 848 3797 prrlcmm
864 3736 903 3779 tt.
916 3727 973 3778 Non
988 3723 1067 3776 male!

101 3821 223 3893 quemvis
238 3814 487 3873 obmutuerint,
499 3814 531 3868 ad
545 3813 636 3868 viuum
719 3818 760 3866 tt.
771 3811 877 3864 uaccae
892 3807 932 3860 vel
945 3809 1059 3860 adseclae
1073 3811 1112 3858 45.
1127 3810 1167 3856 46.
1185 3811 1213 3856 47

100 3905 173 3977 quati
187 3916 324 3971 resecetur,
340 3901 468 3973 aptiuime
481 3911 567 3953 tamen
580 3895 637 3948 talis
687 3915 702 3948 a
719 3914 755 3947 m.
767 3913 805 3963 pr,
822 3899 862 3946 t8.
878 3900 915 3945 49.
935 3897 977 3944 24.
997 3895 1036 3942 24.
1052 3895 1093 3941 25.
1108 3889 1216 3939 att-50.

103 3992 205 4064 pictura
220 3989 246 4042 h.
261 3989 279 4042 l.
299 4000 325 4043 et
343 3981 637 4058 ingeniollaevolieat5
687 3987 728 4034 55.
743 3984 848 4034 57-60.
864 3981 972 4029 64-67.
1001 3971 1043 4025 Nil
1061 3973 1217 4024 interest.-

103 4075 235 4144 nimiaqne
252 4091 356 4126 ravenn
369 4068 491 4141 Scaliger,
511 4065 556 4137 qui
570 4066 637 4116 Pot-
688 4082 738 4116 uaa
761 4061 918 4130 indulgebitis
937 4064 976 4110 46.
1000 4056 1038 4108 ull
1061 4051 1219 4124 indulgebitis

103 4163 148 4214 tie.
158 4163 202 4224 lll,
216 4166 242 4214 9.
256 4155 290 4211 ob
302 4156 379 4211 talem
396 4152 574 4224 impuritatem
587 4167 635 4218 pu·
689 4151 730 4200 20.
1106 4169 1113 4180 ·

103 4243 168 4300 dicia
185 4243 297 4298 lectione
315 4240 444 4295 tuveaatta
463 4237 572 4293 omnino
589 4233 635 4287 al>-
723 4235 764 4283 49,
782 4246 827 4280 uec
844 4229 895 4278 iam
909 4231 951 4277 24.
966 4227 1006 4275 22.
1026 4226 1067 4276 27.

103 4327 257 4382 stinendum
271 4326 401 4380 cenabat.
724 4321 764 4366 53.
774 4323 864 4364 uectat
878 4307 995 4380 egregius
1009 4303 1067 4358 cod.
1081 4302 1219 4374 Putquod
1260 4344 1266 4358 .

143 4419 185 4465 44.
202 4426 275 4482 atque
300 4411 371 4463 illiue
389 4417 641 4462 marearum
690 4399 755 4452 irene
771 4397 839 4463 conj.
850 4395 927 4456 Brit,
951 4393 1048 4461 (ἔτεος.
1070 4397 1095 4440 et
1119 4387 1150 4440 C.
1165 4388 1219 4438 Va·

108 4515 215 4566 emuna,
236 4499 254 4551 i.
268 4513 292 4550 e.
306 4504 332 4548 et
353 4511 385 4546 ea
403 4511 430 4546 se
441 4500 548 4564 quaestu
560 4487 642 4553 tueri,
692 4481 738 4536 lca.
752 4478 870 4550 quodque
888 4493 957 4564 nuuc
973 4493 1019 4546 pra
1041 4470 1113 4542 vulg.
1130 4481 1221 4522 nactas

838 4717 858 4782 l
