3078 5494
534 432 807 498 suntntsxvs
885 507 890 516 ,
1003 520 1005 525 1
1124 390 1212 492 261

477 868 713 942 SATIRA
751 863 844 943 XV.
921 853 924 864 ¹

537 1121 789 1178 AnthtENTvtt

134 1296 169 1350 In
188 1297 235 1350 bac
254 1295 338 1350 Satira
345 1335 354 1359 ,
375 1296 411 1348 ad
425 1293 560 1350 Volusium
580 1295 744 1367 Bithyniam
756 1267 865 1367 sdripta,
881 1290 1008 1352 Iuvenalis
1021 1305 1171 1370 grauissimo
1183 1305 1222 1354 in·

98 1380 199 1432 beluina
213 1383 244 1430 in
257 1379 402 1450 religiosam
424 1377 610 1452 Aegyptiorum
623 1377 794 1441 dementiam,
808 1381 851 1447 qui
864 1398 914 1432 nan
930 1383 1006 1434 modo
1019 1395 1130 1434 monstra
1144 1386 1215 1435 Deo-

99 1483 154 1516 rum
162 1503 172 1526 ,
194 1463 317 1515 animalia
333 1474 357 1513 et
372 1461 459 1524 olera,
477 1461 521 1512 ted
539 1463 615 1512 ctiam
635 1455 757 1512 attala
769 1460 908 1514 huiusmodi
924 1466 1025 1516 munina
1040 1467 1140 1530 colant,
1154 1479 1177 1518 et
1191 1459 1223 1518 ab

100 1545 167 1596 barse
180 1546 311 1614 religionis
324 1543 492 1595 diversitatem
505 1553 575 1596 tanto
588 1555 613 1592 te
626 1545 732 1610 inuicem
745 1541 805 1594 odio
818 1557 1010 1614 prosequamur,
1025 1559 1050 1598 ut
1067 1565 1139 1599 caeco
1155 1565 1220 1624 non·

101 1641 236 1693 memquam
245 1621 339 1697 surore
358 1625 468 1674 instincti
486 1639 537 1684 eos,
555 1623 597 1692 qssi
614 1622 672 1674 aliis
690 1634 789 1674 ιιιαηιιν
804 1627 895 1687 sacris,
906 1623 1025 1676 deuorare
1040 1644 1089 1678 non
1106 1625 1223 1678 dubitent.

97 1725 125 1757 v.
146 1711 239 1758 t-ts.
259 1705 331 1774 Quae
350 1723 382 1756 ne
402 1707 457 1774 quis
466 1703 587 1774 sabulosa
606 1721 656 1755 esse
675 1716 772 1757 censeat
800 1711 824 1756 e't
843 1699 938 1756 similia
961 1695 1012 1770 iis,
1034 1725 1098 1777 quae
1119 1705 1224 1773 Vlrsses'·

97 1789 213 1840 Alcinoo
231 1805 304 1858 snper
315 1804 416 1838 coenam
429 1787 462 1837 de
473 1783 871 1858 Lacslrygonnm·0yclopumqnc
882 1790 1035 1840 iritmsan'tate
1051 1801 1075 1839 et
1087 1787 1223 1862 ὰνθρωπο·

99 1867 184 1936 ψαγίᾳ
208 1871 346 1918 narraverit
364 1870 481 1928 43-26,
500 1867 638 1935 exemplum
663 1873 785 1918 memorat
811 1861 999 1938 effieratissimae
1022 1867 1090 1920 tutus
1112 1869 1221 1918 crudili-

99 1953 177 2011 tatis,
189 1947 257 2018 qseod
273 1967 319 1999 sua
332 1945 400 1998 actas
417 1945 524 2012 viderit,
539 1959 563 1998 et
574 1948 654 2019 resert
661 1985 670 2009 ,
680 1947 803 2018 finitima
815 1947 927 2017 oppida,
947 1947 1063 2020 stulyra
1072 1960 1096 2000 et
1107 1945 1223 2014 Captum,

100 2033 206 2100 mitique
222 2030 363 2095 simultate,
382 2029 478 2081 nnllam
496 2029 573 2081 allam
587 2029 746 2094 ob-causam,
764 2049 838 2099 quam
854 2033 922 2102 quod
935 2015 1032 2086 diuersa
1048 2029 1166 2086 soluerint
1176 2052 1221 2085 nu·

100 2113 172 2162 mista
178 2149 188 2174 ,
203 2113 240 2162 ita
258 2113 361 2174 arsisse,
376 2123 401 2162 ut
418 2129 493 2180 nuper
511 2104 690 2180 Coptitae'cnm
705 2107 861 2185 Tenljritis,
873 2103 1043 2186 diemsestum
1056 2115 1184 2184 agentibus
1198 2127 1222 2166 et

101 2193 179 2263 larga
198 2195 261 2245 meri
277 2197 378 2262 potione
397 2195 524 2256 oneratis3
545 2213 592 2263 quo
601 2193 838 2264 facilior-*victoria
858 2207 918 2246 esset
927 2234 937 2259 ‚
956 2199 1040 2266 iurgio
1055 2195 1223 2248 contersdendi
1234 2190 1244 2210 ⁹

102 2276 258 2326 occasionem
275 2273 334 2326 inde
349 2275 473 2342 ceperint,
487 2282 559 2343 utque
569 2276 627 2326 rixa
633 2276 742 2345 primum
753 2275 868 2332 conviciis
878 2295 909 2328 aa
919 2268 1028 2328 clamore
1034 2316 1044 2340 ‚
1060 2275 1153 2328 deinde
1162 2295 1223 2346 per·

77 2397 84 2412 .
103 2357 214 2406 ctsssione
236 2357 343 2423 capitum
361 2356 559 2424 viilneribissqne,
577 2358 669 2424 pugnis
688 2366 711 2406 et
727 2352 850 2426 lapidibus
868 2347 987 2424 irfiictis,
1005 2368 1146 2419 transacta,
1162 2375 1223 2408 risose

104 2437 181 2486 samis
198 2440 285 2486 sumtis
303 2439 330 2486 in
347 2435 475 2504 praelitam.
489 2437 606 2486 exarserit
612 2427 667 2497 ,ἰή
685 2448 733 2506 qno
746 2438 849 2508 fingatis
862 2434 1057 2506 Coptitis,wsus
1068 2455 1167 2501 eornm,
1180 2437 1223 2504 qni

104 2517 183 2568 nimia
194 2517 340 2588 fiucmidine
360 2531 455 2568 cursum
470 2518 636 2587 praecipitans
650 2517 818 2589 proasbuerit,
839 2529 922 2586 captus
938 2538 954 2568 a
978 2517 1116 2592 Tentyritis
1130 2527 1154 2568 et
1171 2518 1228 2567 non

104 2597 180 2648 moda
197 2599 224 2646 in
243 2599 353 2666 plurima
369 2609 447 2666 sectas
457 2597 546 2668 frusto
563 2609 587 2647 et
605 2595 755 2666 particulas,
772 2607 799 2646 ut
822 2597 906 2656 multis
924 2595 1064 2667 sufficerete
1079 2597 1125 2648 secl
1138 2595 1224 2648 crucltts

103 2681 179 2728 etiam
193 2697 224 2728 ac
237 2675 301 2728 totus
313 2678 418 2730 corrosis
428 2673 519 2730 ossibns
535 2689 605 2729 tanta
618 2677 738 2728 auiditate
750 2677 880 2729 devoratus
891 2680 940 2743 sit,
956 2689 983 2730 ut
1004 2678 1047 2746 qui
1063 2695 1095 2728 ea
1112 2669 1224 2729 leostibus

103 2761 233 2811 nouissimi
250 2764 374 2822 venerint,
391 2760 501 2810 absumta
518 2763 569 2811 iam
580 2769 632 2811 toto
643 2765 744 2828 corpore
751 2796 761 2821 ,
777 2759 856 2811 ductis
862 2777 909 2829 per
920 2771 1012 2810 terram
1025 2757 1114 2828 digitis
1126 2759 1224 2829 aliquid

104 2843 137 2892 de
158 2845 278 2910 sanguina
305 2843 355 2894 eius
382 2843 541 2910 gmtanerint.
563 2841 671 2892 27-92.
694 2839 778 2892 Tanta
797 2839 974 2892 inhumanitati
996 2840 1090 2892 nssllnm
1108 2856 1225 2912 umquam

101 2923 219 2991 populien
240 2921 364 2974 saeviisse*
375 2923 452 2974 dicits
474 2939 524 2974 non
546 2919 738 2992 Calaguritanos
754 2923 781 2972 t'n
792 2919 939 2974 Vasconum
941 2919 1041 2992 finibus
1048 2960 1058 2984 ,
1072 2926 1131 2991 qui,
1145 2921 1224 2991 longa

103 3004 203 3056 demum
219 3005 347 3057 obsidione
367 3004 403 3056 ad
419 3006 502 3058 diram
512 3003 607 3055 redacti
616 2995 718 3074 famem
731 3013 755 3055 et
766 3005 851 3072 ignari
862 3004 943 3055 adbuc
957 3001 1097 3058 Stoicorum
1107 3003 1220 3074 pbiloso-

100 3084 191 3154 plsiae,
207 3088 287 3138 vitam
304 3085 433 3138 initonesta
448 3084 524 3138 modo
534 3087 549 3150 ,'
564 3085 725 3136 bumanorum
737 3086 829 3137 scilicit
842 3104 972 3154 corporum
985 3085 1089 3155 dapibua
1095 3123 1105 3150 ,
1119 3071 1220 3153 protra'·

101 3175 186 3220 :erint
208 3173 343 3232 93-4443
360 3181 411 3220 non
434 3167 547 3231 Tauros,
572 3166 615 3238 quei
643 3164 754 3218 bomines
783 3177 878 3218 tantum
900 3167 1081 3219 immolaverint
1103 3168 1223 3233 Dianae,

101 3271 153 3303 nan
169 3251 405 3316 etiamoometlerint
419 3249 568 3312 tis-⁴⁴93
587 3267 638 3300 non
649 3247 760 3300 Cimbros
782 3267 825 3300 nec
837 3249 974 3300 Britannos
995 3262 1037 3300 aut
1058 3247 1223 3301 Sauromatas

101 3345 125 3386 et
142 3333 308 3404 Agathyrsos
322 3335 466 3385 stt-stt.
481 3325 547 3382 Tum
560 3333 635 3401 polita
661 3332 747 3382 acerbe
769 3333 879 3400 increpat
903 3334 1061 3388 inimicitiam
1078 3332 1221 3396 etodium,
1268 3386 1275 3400 ,

102 3415 171 3485 quod
180 3415 251 3480 ferae
263 3433 314 3466 non
326 3419 374 3466 nisi
388 3417 415 3465 in
431 3413 519 3481 dispar
536 3431 613 3482 genus
620 3451 629 3475 ,
647 3411 760 3464 ltmnlnes
770 3424 851 3465 aetem
862 3415 889 3464 in
902 3431 929 3462 se
939 3415 1005 3480 ipsos
1021 3425 1110 3481 gerant
1117 3428 1127 3476 ;
1138 3411 1220 3481 qaod-

102 3513 149 3566 que
163 3513 263 3562 prorem
286 3497 436 3546 contrarium
459 3497 491 3544 sit
507 3505 624 3557 natiuae,
649 3511 713 3563 quae
736 3491 843 3546 damasso
862 3495 949 3563 generi
964 3493 1113 3546 mollissima
1128 3493 1224 3544 dederit

101 3577 197 3642 weda,
211 3589 236 3630 et
249 3579 335 3630 ceteris
347 3575 494 3628 animalibus

274 3695 386 3748 Tantum
396 3687 493 3748 mimas
499 3731 507 3758 ,
518 3695 588 3746 nobis
600 3696 711 3746 animum
727 3707 820 3766 atroque
830 3736 838 3760 ,
848 3707 942 3748 mutsass
953 3703 979 3748 nt
993 3705 1037 3747 rios
1105 3683 1108 3690 ¹

271 3775 390 3848 Affectus
402 3780 485 3848 petere
497 3777 618 3829 aemilium
634 3789 658 3828 et
667 3788 799 3846 praestare
812 3778 904 3829 iuberet
922 3776 1093 3844 (tte-stt).

136 3885 239 3939 Eabaa
249 3898 395 3955 argumento
408 3887 570 3957 intelligitur,
579 3886 668 3955 poitae
680 3885 808 3937 consilium
821 3904 871 3938 noa
883 3904 912 3937 eo
924 3887 1079 3955 potissimum
1091 3894 1223 3952 spectasse,

103 3980 129 4019 ut
141 3969 292 4035 religionem
299 3968 341 4020 vel
353 3972 549 4037 sispcrstitionem
562 3967 747 4040 Aegyptiorum
760 3967 882 4019 derideret
894 3967 939 4034 (de
952 3987 1002 4036 qua
1013 3965 1066 4017 vid.
1079 3966 1115 4016 ad
1131 3981 1158 4015 υ.
1172 3965 1222 4028 2.),

102 4049 148 4100 scd
165 4062 191 4100 ut
209 4052 304 4120 insigni
325 4050 462 4102 ostenderet
483 4048 595 4118 exemplo
607 4090 613 4110 ,
626 4049 768 4099 diversitate
780 4049 911 4118 religionis
927 4049 995 4100 buius
1006 4047 1090 4116 populi
1107 4046 1218 4115 inexpia-

102 4131 152 4181 bile
163 4149 346 4202 nornasmquam
357 4131 441 4184 odium
456 4143 480 4182 et
499 4132 636 4182 inauditam
653 4129 855 4182 inhumanitatem
868 4132 950 4200 gigni.
969 4129 1003 4179 In
1017 4131 1073 4196 ipsa
1080 4125 1166 4179 Satira
1184 4129 1223 4194 (in

101 4214 192 4280 primis
212 4215 239 4262 in
255 4216 382 4281 postrema
399 4217 449 4263 eius
466 4225 537 4280 purte
557 4231 584 4264 v.
601 4215 757 4279 stt-stt.)
771 4231 865 4282 magna
882 4225 915 4263 cst
930 4214 1050 4262 orationis
1061 4211 1101 4259 vis
1112 4229 1142 4260 aa
1155 4226 1218 4277 gra-

102 4294 167 4344 vitas
174 4331 184 4356 ‚
205 4295 244 4346 rei
263 4295 511 4357 conuenientissima5
525 4313 587 4363 quac
600 4307 683 4345 tamen
690 4295 783 4364 passim
789 4332 799 4357 ‚
812 4295 851 4345 ubt
868 4294 935 4345 locus
949 4303 1001 4354 est,
1015 4291 1135 4342 admistis
1147 4293 1219 4357 sace-

101 4373 146 4428 tiis
157 4371 314 4448 temperatur.
333 4407 364 4418 -
377 4375 516 4430 Acbairnre
528 4376 588 4428 leaeo
605 4377 664 4427 bene
680 4377 825 4428 adstotauit:
843 4381 860 4408 “
876 4376 986 4447 inferius
1005 4386 1087 4425 tamen
1103 4371 1150 4424 itae
1162 4383 1223 4440 opns'

101 4463 189 4511 ceteris
200 4460 308 4512 ciusdem
323 4463 428 4512 motoris
439 4458 537 4511 videtur
544 4481 554 4522 ,-
572 4459 638 4528 quod
650 4477 699 4510 non
714 4461 801 4510 miram
820 4471 869 4509 ests
884 4476 942 4509 ream
959 4471 984 4510 ct
1003 4473 1078 4510 senex
1087 4453 1223 4508 admodum
