3098 5498
546 369 724 452 ‘sirius
760 393 818 454 444.
1163 363 1248 488 169

141 589 339 665 4144414444
361 589 641 687 44444444140144
661 619 819 668 exorare
839 617 1002 682 corona,

139 707 303 803 Quando
324 734 394 810 ego
413 705 521 810 figam
542 707 707 812 aliquid,
728 739 804 812 quo
824 713 870 786 sit
888 713 1067 786 mihituta
1086 729 1256 788 senectus

140 829 173 900 A
194 841 317 926 tegete
338 841 376 896 et
394 823 561 899 baculo?
588 829 718 928 viginti
738 827 853 902 millia
870 827 978 902 fenus
1208 867 1256 916 ,40

138 942 364 1044 Pigneribus
384 945 536 1046 positis,
555 947 699 1046 argenti
720 945 867 1020 vascula
886 949 990 1050 puri,
1039 935 1042 940 ¹

139 1059 218 1132 Sed
238 1086 336 1161 quae
352 1055 544 1132 Fabricius
564 1085 699 1138 censor
717 1079 843 1151 notet,
861 1080 899 1136 et
916 1062 993 1138 duo
1013 1063 1143 1143 fortes.

138 1176 197 1248 De
219 1201 332 1276 grege
353 1177 588 1266 Moesorum,
609 1179 674 1277 qui
695 1205 752 1251 me
766 1180 911 1252 cervice
931 1177 1053 1254 locata

75 1287 76 1290 ’
140 1289 324 1364 Securum
343 1291 498 1364 iubeant
516 1289 678 1368 clamoso
698 1296 868 1368 insistere
888 1295 1009 1367 Circo.

139 1403 195 1477 Sit
213 1405 300 1478 mihi
321 1423 515 1507 praeterea
536 1433 672 1483 curvus
692 1407 868 1498 caelator,
889 1425 926 1482 et
946 1407 1054 1499 alter,
1207 1449 1254 1496 us
1352 1473 1358 1484 .

138 1523 213 1614 Qui
232 1520 364 1597 multas
383 1521 495 1597 facies
515 1526 646 1627 pingat
667 1529 752 1602 cito.
780 1526 977 1599 Sufficiunt
996 1525 1110 1613 haec,

136 1635 300 1728 Quando
319 1664 388 1740 ego
408 1665 554 1744 pauper
572 1666 649 1716 ero.
668 1645 806 1716 Votum
828 1641 1058 1731 miserabile,
1080 1667 1150 1714 nec
1169 1667 1252 1746 spes

135 1752 205 1859 His
225 1751 376 1827 saltem:
395 1781 482 1828 nam
491 1813 504 1847 ,
522 1783 638 1860 quum
657 1783 729 1861 pro
750 1784 807 1831 me
824 1760 992 1834 Fortuna
1011 1775 1188 1859 rogatur,

173 1987 232 2034 458.
256 2000 374 2034 exornare
395 1991 435 2034 44.
456 1988 493 2035 45.
514 1987 554 2036 te.
574 1987 613 2036 23.
630 1987 670 2034 24.
722 1981 835 2053 gendum
859 1981 1029 2036 crediderim
1054 1985 1095 2054 qui
1121 2001 1161 2034 me
1182 1981 1251 2050 (in)

137 2069 178 2116 25.
200 2071 241 2118 27.
264 2071 371 2120 45-50,
390 2072 496 2120 55-69.
515 2074 624 2120 74-74.
645 2078 671 2120 44
721 2075 812 2130 cervice
825 2068 932 2119 locantes
945 2064 971 2118 h.
988 2084 1012 2118 e.
1025 2077 1155 2134 ponentes.

137 2149 201 2198 Xlll
224 2147 299 2200 codd.
325 2149 403 2201 Paris.
432 2147 507 2217 Quod
529 2151 670 2218 nonplene
757 2157 813 2203 445.
837 2149 877 2203 Sit
894 2151 939 2201 tibi
957 2151 1157 2205 24.-444144ο4
1169 2151 1251 2236 wopis

138 2231 329 2300 respuendum:
355 2251 416 2286 nam
437 2235 538 2302 saepius
562 2234 670 2286 verbum
721 2237 762 2285 22.
777 2247 858 2286 torvus
877 2235 985 2284 4441444444
1003 2237 1041 2284 46.
1059 2253 1139 2284 senous
1157 2233 1251 2284 celator

139 2312 256 2382 pluribus
271 2315 388 2386 iungitur
401 2317 563 2384 nominibus,
576 2335 670 2386 quam·
720 2315 763 2368 vel
775 2317 882 2368 caelator
897 2325 936 2368 44.
951 2316 1017 2369 sorte
1030 2297 1092 2367 414.
1105 2335 1164 2366 narn
1177 2326 1250 2366 vetus

145 2401 185 2450 vis
206 2399 250 2452 uni
270 2411 371 2454 4444444444
385 2413 411 2456 44
428 2412 556 2471 postremo
569 2419 670 2470 prorsus
720 2398 799 2451 schol.
816 2409 868 2450 4444
883 2399 1001 2468 opifices,
1014 2397 1082 2451 servi
1098 2397 1249 2469 argentarii,

142 2485 285 2538 conveniat.
720 2481 854 2544 laboriosi,
873 2481 1059 2552 anaglypharii.

178 2568 346 2638 ⁴39.fingern
360 2577 401 2621 44.
419 2574 510 2622 44.20.
527 2573 569 2621 29.
588 2569 664 2620 Vtra·
756 2573 811 2619 446.
833 2567 910 2617 miella
931 2571 954 2620 B.
975 2564 1043 2618 unde
1061 2565 1156 2616 maltha
1164 2566 1250 2634 finies

141 2666 193 2719 que
226 2647 302 2703 lectio
336 2662 440 2704 notatur
471 2663 524 2706 vet.
556 2650 667 2703 scholio:
718 2651 802 2720 pingit
814 2647 959 2715 conj.l³itli.
973 2658 999 2699 et
1012 2649 1105 2700 rectius
1118 2648 1213 2698 4444141444
1223 2649 1249 2717 fi

140 2741 162 2768 ‘⁸
175 2735 352 2798 constituam,
366 2755 535 2806 componens,
552 2715 668 2790 babeam:
709 2736 796 2805 fingit
816 2731 925 2784 84144444.
942 2735 1031 2785 Exere.
1048 2731 1114 2786 Plin.
1132 2751 1157 2800 p.
1172 2737 1248 2785 4496.

138 2827 282 2882 44444444,
298 2819 359 2890 quis
382 2820 408 2872 iu
428 2819 492 2872 ceris
508 2829 552 2875 4444
606 2839 668 2890 grm-
718 2818 793 2871 Conl.
811 2816 843 2868 de
869 2815 965 2870 maltha
984 2815 1107 2870 Harduin.
1127 2815 1158 2866 sd
1180 2813 1247 2868 Plio.

135 2901 401 2972 urspudtempls.„
428 2905 457 2956 144
470 2903 526 2956 cod.
605 2907 667 2957 44411.
719 2903 751 2963 11,
774 2905 831 2953 404.
849 2919 869 2953 4.
890 2905 945 2953 408.
963 2905 1054 2970 pingat
1078 2905 1117 2952 40.
1141 2905 1181 2952 44.
1205 2903 1245 2950 42.

135 2984 187 3036 boe
212 2985 325 3039 scholion
350 2988 416 3040 sorte
438 2991 530 3040 rectius
557 2987 667 3056 legitur:
720 2991 827 3040 44-27-
843 2990 951 3038 45-50.
969 2991 1063 3040 5455.
1083 2989 1190 3037 57-69.
1205 2987 1246 3034 74.

134 3073 158 3102 “
169 3069 280 3137 Quando
308 3089 355 3142 ego
382 3071 563 3124 comminiscar
588 3071 667 3141 quid,
719 3075 759 3121 72.
775 3076 872 3123 7576.
889 3067 1246 3122 77444444444444414124414.

137 3155 366 3208 4ο44441444444444444
379 3156 518 3225 4141444444
530 3156 669 3226 inpicturis
719 3153 841 3222 equibus
864 3151 929 3204 illud
954 3171 1023 3204 4444444
1042 3151 1160 3203 revocavi
1186 3170 1247 3203 curn
1302 3188 1307 3197 ,

134 3247 197 3290 vote
206 3239 329 3309 figimur.
336 3277 356 3303 „
718 3237 784 3290 Aah:
797 3238 880 3306 pingit
896 3241 921 3288 8.
941 3237 1071 3306 &fingit
1089 3241 1131 3291 56.
1149 3239 1189 3289 70.
1205 3239 1247 3288 82.

173 3330 231 3376 444.
257 3320 410 3392 Ρ45444442444
440 3341 486 3394 pro
517 3323 668 3393 Pignoribus
720 3321 786 3390 quod
808 3321 890 3390 aptius
904 3320 984 3373 videri
999 3330 1095 3390 potest,
1115 3331 1144 3374 ut
1158 3319 1249 3389 plastes

137 3409 267 3458 st.2s.et
287 3406 407 3458 Priscian¹
421 3404 466 3460 lib.
486 3407 530 3458 Vl·
549 3425 612 3476 quos
626 3427 666 3460 44·
720 3404 876 3474 designetur,
895 3405 938 3472 qui
962 3422 991 3455 es
1009 3421 1061 3455 44444
1078 3402 1183 3454 modulo
1205 3399 1247 3453 vel

134 3497 236 3560 quotus
254 3505 321 3540 sum.
348 3490 390 3541 ste
407 3485 561 3560 plerumque
574 3494 669 3560 pigne·
719 3486 856 3558 archetypo
874 3488 961 3538 rrsuluu
970 3489 1056 3560 sasire
1073 3505 1093 3538 s.
1113 3496 1188 3556 typos
1200 3490 1250 3536 cito

134 3591 194 3624 rare
215 3578 254 3637 (444
279 3591 333 3642 sup.
358 3575 416 3635 Vll,
441 3576 512 3640 73.),
536 3582 562 3625 44
586 3575 670 3628 ubivis
721 3569 801 3638 (quod
814 3567 903 3640 pictori
918 3565 1245 3639 minuscongruit)expri-

137 3658 302 3725 oppignerare
319 3658 441 3724 scriplum
461 3656 572 3726 reperies
590 3656 617 3709 in
634 3656 667 3711 li·
720 3671 793 3707 mere
812 3666 838 3707 44
848 3665 930 3726 potest
943 3663 968 3706 et
980 3658 1054 3708 solet.
1083 3655 1123 3706 Cf.
1139 3650 1248 3706 Salmas.

137 3738 194 3791 bris
207 3748 270 3791 44444.
283 3740 357 3792 Cous.
370 3739 402 3792 ad
417 3741 464 3805 Xl,
477 3745 518 3793 40.
720 3737 738 3790 1.
756 3738 775 3791 l.
799 3741 866 3791 Hinc
885 3738 948 3791 olim
967 3756 1131 3809 seposueram
1140 3737 1247 3808 finget,

174 3827 232 3876 442.
250 3825 287 3875 Ec
303 3823 501 3882 ⁴5.-Fabrisius
517 3827 559 3877 24.
573 3829 614 3879 60.
629 3829 669 3880 05.
721 3823 790 3892 quod
804 3823 861 3876 usui
876 3809 980 3894 linguse
996 3821 1190 3890 convenientius
1202 3830 1250 3874 est.

137 3905 207 3958 md
224 3908 443 3970 11,454,-4444444
461 3917 501 3964 45.
722 3907 773 3960 Sed
797 3907 1118 3978 v.Comm.-suffieient
1143 3909 1184 3958 25.
1208 3911 1251 3960 27.

175 3996 232 4042 443.
245 3993 387 4043 Messorum
403 3999 444 4044 44.
460 3999 500 4046 45.
517 3999 556 4047 40.
572 3999 611 4046 22.
629 3999 670 4048 23.
724 3997 831 4046 46-50,
853 3998 893 4044 54.
909 3997 948 4044 55.
967 3997 1074 4044 57-63.
1087 3995 1196 4044 65-69.
1209 3998 1251 4044 74.

139 4080 182 4127 24.
203 4076 376 4129 Moesolorum
404 4083 445 4130 27.
473 4085 513 4134 47.
539 4081 672 4152 Mysorum
725 4075 902 4148 72.suffieiant
915 4083 956 4130 73.
973 4083 1015 4130 77.
1033 4077 1125 4128 Parum
1138 4077 1251 4129 interest.

140 4156 244 4212 Celder.
258 4159 579 4231 nescioquaeuctoritate.
609 4165 669 4216 Me-
724 4157 850 4212 Nonnulli
885 4159 1085 4229 interpungunt:
1121 4157 1253 4226 Szffciuns

142 4241 232 4292 domm
254 4250 295 4295 44.
313 4243 341 4294 iu
357 4261 440 4314 marg.
459 4251 498 4298 46.
514 4251 555 4298 44.
572 4251 613 4298 45.
633 4252 674 4299 46.
725 4241 793 4293 haec.
816 4241 924 4310 Quando
943 4260 991 4312 ego
1004 4261 1098 4313 pmper
1112 4247 1176 4296 ero?
1188 4242 1215 4295 14.
1228 4262 1251 4294 4.

146 4324 187 4371 49.
202 4327 243 4374 55.
262 4325 303 4374 58.
324 4340 349 4372 44.
372 4341 427 4392 sup.
447 4322 554 4388 4411111,
575 4327 630 4377 432.
649 4333 675 4377 44
725 4330 767 4393 (ut
784 4326 886 4395 exponit
908 4328 940 4378 ll.
955 4325 1084 4392 Valesius)
1102 4327 1203 4397 quando
1220 4328 1253 4380 441

146 4401 256 4458 lontani
273 4402 395 4460 Analecta
413 4403 444 4472 11,
465 4407 615 4463 44.-0144
634 4405 671 4462 le·
726 4407 791 4463 144444
809 4419 980 4481 paupertatem
994 4427 1040 4465 seu
1051 4409 1083 4466 sd
1097 4411 1158 4466 lues
1176 4429 1254 4482 pesve
