3028 5492
401 401 648 460 norriouvu
684 401 906 464 iuventute
1110 373 1186 466 cir

119 593 177 638 ***
188 594 341 656 Iuvenalis
360 595 436 660 Satt.
452 617 508 678 per
534 598 598 658 lac.
617 595 657 658 dc
677 599 801 674 Fioisa,
821 596 957 660 venetiis
976 619 1001 660 ι.
1021 620 1047 660 a.
1071 597 1187 674 (thei.

85 688 119 750 de
133 689 159 748 la
173 687 334 764 Velliere.)
979 695 1037 767 lto.
1059 702 1072 768 <
1088 706 1187 778 ι973.)

120 785 252 864 Grypbii
275 783 329 844 Vi.
353 787 505 847 luvenalis
527 802 554 846 et
574 789 701 848 Persius.
735 785 876 867 Lugduni
982 789 1078 848 thuro.
1103 791 1188 873 1576.

119 877 237 970 Yeaeta
256 879 403 942 xxxtll.
416 881 568 942 luvenalis
588 903 614 942 c.
634 901 741 956 comm.
767 882 898 940 Domitii
912 879 1070 942 Calderini

1024 976 1076 1034 tot.
1105 976 1191 1052 1583,

122 1065 337 1130 Poimanniana
357 1091 381 1132 ι.
402 1069 592 1132 Plautiuiana
612 1071 666 1132 111.
687 1071 837 1132 luvenalis
856 1079 914 1132 cst.
935 1080 968 1130 ut
990 1069 1019 1130 iu
1034 1069 1104 1130 edit.
1125 1071 1150 1130 1.
1164 1093 1190 1132 a.

8 1193 10 1250 ᾗ
89 1159 173 1222 1565.
197 1163 346 1243 Antrerp.
805 1169 905 1239 admo.
932 1173 961 1224 et
984 1168 1080 1226 itimo.
1108 1164 1192 1226 1685.

119 1254 276 1316 *Pithoei
292 1258 315 1318 l.
337 1265 389 1332 (n.
411 1259 473 1338 75)
495 1260 536 1318 Α.
556 1259 654 1318 Persii
679 1258 860 1337 Satyrorum
880 1259 971 1318 Liber
995 1259 1020 1316 1.
1046 1257 1089 1318 D.
1110 1259 1192 1320 Ittnii

8 1387 10 1400 .
83 1347 231 1408 turmalis
252 1349 433 1430 Satyrorum
457 1351 542 1412 Libri
572 1353 609 1409 V.
624 1352 773 1432 Sulpiciae
785 1353 898 1430 Satyra
927 1352 954 1410 1.
968 1371 1033 1409 cum
1050 1351 1192 1412 veteribus

8 1483 9 1490 1
85 1442 314 1504 Commentariis
334 1443 504 1519 (Scholiis)
524 1467 602 1506 nuuc
617 1447 750 1529 primum
767 1447 865 1506 editis.
891 1445 947 1504 Ex
961 1446 1138 1506 bibliotheca
1154 1447 1189 1508 P.

85 1536 197 1596 Pitboei
218 1539 273 1598 IC.
294 1543 377 1600 cuius
396 1543 487 1601 etiam
502 1543 600 1600 Notae
625 1540 777 1622 quaedam
797 1540 935 1600 adiectae
957 1553 1033 1602 sunt.
1054 1540 1192 1602 Lutetiae

84 1630 164 1710 apud
186 1635 372 1696 Mamertum
395 1637 584 1696 Parisiorum
1015 1635 1189 1696 heo-1585.

8 1761 9 1816 3
119 1723 223 1786 Editio
258 1730 508 1808 praestantissima
542 1738 576 1816 et
613 1727 692 1788 inter
725 1725 981 1790 emendatissimus
1019 1725 1189 1788 referendo.

8 1891 9 1894 Ἴ
85 1817 187 1880 Petrus
220 1822 379 1898 Pithoeus,
410 1825 506 1884 frater
535 1823 688 1882 Francisci
731 1821 801 1902 (qui
836 1822 945 1882 iratres
976 1821 1089 1901 gemini
1108 1821 1194 1882 suere

85 1911 272 1976 celeberrimi
293 1918 371 1980 illius
397 1921 497 1982 aetatis
516 1917 581 1979 teti
600 1915 783 1998 summisque
804 1915 970 1976 honoribus
989 1915 1109 1978 Parisiis
1138 1937 1193 1978 or-

86 2009 176 2084 nati),
197 2011 239 2072 de
258 2023 402 2074 contextu
416 2023 477 2074 tam
498 2013 648 2074 iuvenalis
668 2031 760 2094 quam
780 2011 876 2072 Persii
897 2009 1084 2070 ementiundo
1103 2029 1194 2090 proe-

86 2099 159 2161 dare
181 2106 393 2180 merituscst,
423 2108 563 2168 adhibitis
588 2107 618 2166 io
649 2104 810 2166 consilium
838 2101 993 2164 codicibus
1024 2101 1142 2184 scriptis
1161 2111 1193 2162 et

8 2229 9 2240 κ
87 2197 273 2276 potissimum
308 2202 431 2284 quidem
452 2202 656 2285 antiquissimo
686 2199 836 2276 badensi,
866 2197 919 2280 qui
946 2195 1019 2257 olim
1051 2195 1194 2256 Matthiae

8 2291 10 2358 ξ
88 2291 218 2354 Corvino
250 2295 316 2374 regi
337 2298 438 2376 flung.
468 2297 584 2370 luerat,
616 2303 702 2355 etex
737 2315 798 2376 quo
818 2291 906 2353 ctiam
941 2291 1057 2371 primus
1079 2291 1193 2370 integra

8 2385 10 2440 i
89 2385 181 2448 edidit
200 2389 324 2448 Scholia
344 2405 465 2467 uetera,
496 2411 627 2474 quorum
647 2387 801 2449 dimidiam
834 2395 950 2446 tuntum
980 2395 1113 2486 pergem,
1142 2387 1195 2446 sed

8 2477 9 2480 ’
89 2500 151 2542 non
187 2484 412 2564 indiligenter
440 2485 639 2567 exscriptam,
673 2483 844 2564 vulgaverat
876 2479 975 2542 Valla.
1008 2503 1035 2540 r.
1068 2500 1134 2560 sup.
1157 2481 1195 2538 ad

7 2619 8 2660 t
90 2577 160 2638 edit.
172 2581 278 2640 Venet.
295 2580 378 2642 tht.
392 2603 420 2641 a.
447 2582 528 2655 1486.
539 2579 660 2640 Scholia
682 2577 773 2651 haec,
792 2575 900 2658 quibus
920 2571 1026 2635 similia
1045 2575 1077 2634 iu
1096 2574 1196 2636 multis

7 2669 9 2726 ἱ
88 2673 177 2734 MSS.
198 2677 351 2738 iuvenalis
370 2677 588 2758 reperiuntur,
607 2685 637 2736 et
650 2695 727 2755 quse
748 2673 908 2734 admodum
920 2681 1062 2756 corrupte
1081 2671 1196 2733 descri-

86 2778 134 2850 pta
153 2781 228 2830 snut
257 2770 361 2842 (unda
385 2771 470 2830 multi
496 2771 527 2830 iu
555 2770 590 2831 iis
610 2768 805 2830 emendandis
836 2767 991 2846 ingenium
1015 2787 1196 2840 exercuere,

87 2861 122 2922 de
140 2863 252 2946 quihus
274 2888 300 2926 v.
321 2865 392 2926 edit.
413 2866 545 2926 Henniu.
559 2874 590 2924 et
609 2865 706 2937 Aah.)
728 2885 745 2922 a
760 2861 912 2922 nonnullis
928 2859 1103 2922 tribuuntur
1116 2859 1197 2922 Cor-

7 2977 9 2998 *
86 2967 176 3030 nuto,
208 2959 250 3018 ab
270 2959 445 3022 aiiisPetro
465 2960 597 3034 Rirthio,
628 2958 818 3040 aplerisque
852 2956 968 3030 Proto,
992 2957 1053 3016 sive
1075 2953 1198 3016 Valerio

86 3051 198 3130 Probo,
219 3055 430 3115 Grammatico
452 3053 591 3136 Berytio,
620 3051 682 3114 sisa
716 3052 780 3113 aliis
811 3051 898 3112 buius
933 3052 1062 3112 nominis
1090 3071 1196 3130 gram·

7 3195 8 3214 2
85 3148 199 3207 moticis
234 3147 290 3222 (de
312 3147 358 3208 his
378 3171 404 3210 a.
426 3148 531 3228 Heyne
551 3145 588 3208 de
609 3146 691 3207 editt.
712 3146 795 3228 Virg.
817 3147 855 3206 T.
871 3145 895 3205 i.
917 3167 944 3227 p.
966 3143 1131 3204 cxtvltt.
1145 3141 1195 3204 ed.

7 3249 9 3326 p
83 3261 138 3302 rec.
153 3253 184 3300 et
207 3243 313 3302 Burm.
335 3241 373 3302 ad
394 3241 517 3302 Authot.
538 3241 574 3300 T.
599 3241 621 3300 1.
639 3262 668 3322 p.
690 3241 756 3322 739.
778 3251 809 3300 et
829 3241 860 3300 iu
882 3238 977 3299 Praei.
999 3260 1027 3320 p.
1046 3237 1122 3310 35.)=
1142 3237 1196 3298 sed

7 3329 9 3406 ξ
84 3334 274 3416 probabilior
295 3345 339 3396 cst
370 3336 540 3396 coniectura
561 3356 688 3408 eorum,
714 3335 766 3414 qui
788 3341 908 3415 putant,
937 3339 1096 3390 centonem
1117 3329 1198 3390 huuc

84 3448 142 3488 esse
164 3451 183 3490 a
197 3431 289 3490 variis
303 3441 333 3489 et
347 3451 364 3488 a
379 3429 488 3502 variis,
510 3431 575 3489 siue
589 3427 721 3499 delectu,
743 3438 921 3498 consutum,
935 3433 967 3484 et
989 3423 1080 3484 muita
1095 3442 1198 3504 sapere

83 3543 192 3582 aerum
215 3525 311 3584 scrius
332 3533 362 3583 et
391 3525 612 3604 imperatorum
633 3521 865 3583 christianorum
907 3525 958 3592 (ν.
979 3539 1005 3578 c.
1025 3515 1137 3578 scholia
1158 3515 1197 3576 ad

82 3619 145 3679 Sat.
173 3619 214 3693 V,
242 3617 390 3698 17.v1tt‚
418 3617 552 3696 170.X1‚
577 3618 627 3698 87.
649 3613 732 3688 xlv,
755 3617 801 3695 78.
820 3621 917 3686 rom),
939 3609 1084 3670 nonnulla
1106 3610 1198 3671 etiam

82 3714 138 3774 sibi
164 3733 347 3794 repugnare.
367 3715 507 3774 Ceterum
531 3733 592 3772 nou
614 3709 758 3782 diffiteor,
790 3706 976 3769 Scholiastcu
998 3705 1198 3764 Pithoeauum

83 3806 175 3868 luisse
196 3807 351 3867 bominem
381 3808 526 3880 doctum,
556 3803 608 3887 qui
633 3813 662 3863 et
691 3810 796 3884 poetae
830 3802 936 3882 passim
958 3807 1088 3858 mentem
1117 3804 1198 3856 recta

83 3901 202 3982 ceperit
234 3901 424 3984 multumque
457 3900 532 3961 lucis
559 3895 698 3958 effuderit
728 3895 802 3956 locis
834 3895 948 3974 aliquot
978 3890 1136 3964 obscuris,
1169 3898 1200 3950 et

84 3995 187 4054 rarius
208 3998 421 4057 memoraverit
449 3995 579 4068 fabulas,
596 3991 733 4052 historias
752 3999 840 4070 atque
861 3987 1019 4068 opiniones
1040 3983 1196 4066 antiquus,

86 4112 161 4172 quae
183 4089 259 4150 aiibi
275 4091 386 4150 frustra
400 4099 595 4172 quaeruntur.
615 4085 672 4147 Sed
696 4085 774 4146 idem
789 4102 910 4165 qnoque
930 4088 1012 4140 recte
1033 4077 1107 4138 mihi
1121 4098 1199 4137 con-

84 4186 216 4246 tendere
237 4185 363 4259 rideor‚
384 4185 513 4267 primum
533 4182 621 4264 longe
637 4181 782 4263 plurimas
801 4180 864 4239 eius
882 4173 1095 4257 explicationes
1111 4172 1200 4234 nimis

86 4278 169 4345 leves
189 4302 228 4342 ac
250 4279 404 4356 trisuleo,
425 4290 527 4340 tenues
541 4288 571 4338 ct
589 4278 721 4351 ieiunas,
744 4273 866 4336 subtiles
887 4282 916 4332 et
936 4279 1072 4352 argutas,
1091 4267 1200 4328 alienus

87 4387 113 4438 et
137 4378 282 4462 ineptas,
302 4375 441 4438 obscuras
475 4383 505 4438 et
524 4381 678 4438 contortas
714 4390 795 4446 essc;
829 4365 961 4444 deiude,
991 4364 1107 4448 quoties
1138 4363 1200 4424 fere
