3078 5494
483 419 488 428 .
579 381 796 446 saevusve
1147 361 1239 454 285

129 582 246 662 scripta
274 581 379 662 quibus
407 579 574 644 Comoedia
599 586 704 666 prisca
734 586 810 645 viris
835 595 895 660 est,
928 593 959 657 et
985 605 1030 668 ap.
1052 585 1104 647 Sil.
1124 587 1151 662 l,
1175 589 1249 651 ebo.

130 675 232 738 Haud
245 676 340 737 abum
361 675 437 739 vidit
457 677 561 754 tellus,
579 681 631 740 cui
640 699 753 761 ponere
772 678 864 751 finem
885 682 955 742 Noa
973 696 1071 762 posset
1091 703 1249 746 marauna

129 773 206 832 viro.
239 771 327 832 Hanc
347 771 552 835 coniecturam
572 771 912 856 interpretationemque
932 779 1041 838 ceteris
1069 781 1250 860 praeferen-

128 864 222 942 dam,
249 865 303 928 sed
321 887 428 928 aunum
449 868 633 930 essetecum
664 877 770 930 censet
788 868 897 947 Heln„
929 891 1023 952 quum
1052 873 1141 955 plura
1162 873 1249 937 inve·

130 962 258 1022 niantnr
278 961 416 1044 exempla
437 961 559 1024 ablativi
572 962 681 1024 omissa
703 962 944 1046 praepositione,
965 989 992 1030 s·
1014 987 1040 1027 e.
1072 987 1120 1049 ap.
1140 964 1247 1028 Horat.

129 1056 193 1118 od.
214 1057 330 1134 l,b,1.
350 1057 517 1130 (Scriberis
540 1059 771 1134 Vario-alite)
792 1063 903 1122 Auson.
924 1060 1012 1142 Epig.
1033 1062 1059 1137 l,
1083 1065 1130 1128 ιθ.
1150 1063 1248 1136 (cele-

128 1147 231 1210 braris
250 1164 317 1212 vate
335 1151 481 1233 superbo>
501 1153 573 1213 Tac.
594 1156 673 1212 Ann.
688 1151 744 1226 111,
765 1154 794 1216 3.
815 1155 954 1232 (Tiberio
968 1169 997 1218 et
1010 1156 1144 1237 Augusto
1166 1158 1248 1218 cobi-

126 1245 246 1320 bitam)
260 1244 335 1313 Mel.
356 1245 412 1324 Ill,
432 1247 462 1309 6.
482 1248 654 1327 (Eryma,
674 1267 767 1329 quam
789 1249 928 1328 Geryone
946 1249 1111 1314 habitatam
1131 1254 1248 1332 accepi·

128 1351 217 1420 mus)
238 1351 270 1404 et
290 1343 323 1404 in
341 1342 408 1406 aliis
429 1342 560 1404 eliorum
580 1342 672 1418 loeis,
696 1342 824 1405 laudatis
844 1364 860 1404 a
885 1345 968 1406 Cort.
988 1345 1025 1406 ad
1046 1345 1115 1408 Sall.
1129 1345 1164 1410 rh.
1179 1346 1246 1430 lug.

132 1436 180 1500 15.
202 1446 233 1501 et
257 1459 306 1498 ιι.
338 1438 376 1499 ab
401 1437 545 1501 Oudend.
576 1449 607 1501 et
626 1439 749 1500 Ruhnk.
770 1439 807 1502 ad
829 1441 912 1504 Suet.
932 1439 1017 1502 Caes.
1042 1463 1069 1502 o.
1097 1458 1141 1521 ιθ.
1159 1443 1246 1506 ldesn

128 1554 206 1597 vero
226 1534 282 1596 int
304 1533 342 1596 sd
363 1534 436 1612 ΧΠ,
456 1537 505 1611 44.
526 1545 647 1609 monet,
668 1538 700 1596 in
721 1535 821 1597 verbis
840 1536 942 1598 lances
961 1538 1123 1598 Parthenio
1132 1542 1242 1620 jactas

126 1628 275 1691 Dativnm
296 1649 358 1692 esse
378 1630 544 1692 Parthenio
570 1639 600 1691 et
625 1631 882 1692 constructionem
910 1629 956 1693 rel
978 1631 1126 1693 tironibus
1146 1633 1245 1694 notis·
1341 1629 1344 1641 '

126 1725 253 1799 simam,
271 1723 468 1786 Parthenium
488 1733 588 1786 autem
609 1745 722 1786 nomen
743 1725 901 1787 caelatoris
919 1725 1007 1786 nobie
1020 1726 1124 1810 ignoti.
1145 1726 1247 1804 Quid·

127 1819 205 1902 quid
227 1838 298 1881 vero
319 1839 357 1882 ex
388 1817 435 1882 bis
456 1818 625 1906 placuerit,
645 1820 794 1882 sententia
821 1829 866 1882 est
884 1819 1009 1894 eadem,
1037 1841 1127 1903 quarn
1148 1820 1247 1884 iuter-

128 1923 233 1997 pretee
264 1915 329 1978 iere
349 1935 467 1977 omues.
492 1915 524 1974 in
551 1913 582 1976 h.
612 1913 640 1975 l,
667 1916 763 1976 inesse
793 1925 954 1998 putarunt:
985 1918 1119 1978 Miratur
1146 1939 1246 1980 vocem

127 2021 307 2090 augentem,
328 2009 436 2073 exilem
456 2009 505 2072 vel
529 2029 670 2087 raucam,
692 2028 768 2092 quae
801 2031 865 2072 nun
898 2011 998 2074 minua
1031 2009 1149 2093 ingrata
1183 2011 1256 2084 est,

130 2119 298 2189 quantuor
318 2105 407 2188 gutli,
428 2105 572 2188 gallinam
597 2104 783 2180 mordentis,
804 2105 834 2167 h.
855 2127 882 2171 e.
903 2115 1059 2188 postquam
1081 2107 1247 2170 momordit

128 2198 292 2280 gallinam
322 2207 388 2258 tum
407 2199 489 2259 enim
512 2198 590 2260 ultra
622 2199 700 2260 vires
722 2217 829 2278 urgere
859 2197 937 2260 solet
954 2219 1060 2262 vocem
1090 2201 1247 2283 acriusque

129 2291 300 2354 intendere·
328 2293 409 2354 Bene
440 2292 472 2352 b.
496 2291 517 2352 l.
538 2301 732 2375 eomparatur
765 2294 850 2359 locus
869 2293 999 2369 Quintil.
1032 2293 1106 2354 lust.
1137 2294 1194 2367 xl,
1212 2298 1245 2364 3.

128 2386 210 2454 ‚Vox
230 2385 312 2446 ultra
332 2388 409 2446 vires
429 2385 567 2469 urgenda
587 2407 650 2449 noa
671 2399 734 2448 est:
765 2408 838 2448 nam
870 2399 897 2445 et
929 2385 1079 2466 sttfficata
1109 2405 1198 2466 saepe
1216 2399 1246 2447 et

127 2483 333 2546 maioreaiau
353 2484 452 2544 minus
471 2484 560 2544 clara
586 2495 648 2558 est,
676 2495 703 2543 et
722 2484 841 2542 iuterim
867 2481 943 2541 elisa
972 2484 1005 2541 in
1031 2481 1119 2570 iilum
1138 2503 1254 2570 sonum*

127 2581 277 2660 erumpit,
296 2579 346 2639 eui
362 2579 472 2641 Graeci
493 2589 611 2660 κλωγμὸν
632 2598 740 2642 noanon
754 2599 776 2638 a
786 2575 938 2659 gallorum
961 2580 1017 2659 (et
1030 2575 1243 2658 graculorum)

126 2673 293 2734 immaturo
307 2687 398 2735 cunta
417 2672 585 2756 dederunt..
752 2739 754 2742 ,
849 2737 852 2749 ,
1179 2733 1182 2740 .

168 2767 311 2830 Platbuer
332 2769 407 2830 baec
426 2767 595 2830 adnotavit:
628 2766 830 2832 “Abstrusius
856 2764 931 2847 quid
957 2773 1075 2848 ροὸῑαω
1109 2774 1242 2838 notasse,

128 2859 326 2927 fidentissime
346 2861 401 2924 tibi
421 2870 553 2944 praesto.
574 2863 687 2924 Notum
712 2853 929 2944 est„Cybelee
949 2859 1117 2922 sacerdotes
1139 2859 1245 2920 Gallos

127 2955 243 3019 vocari.
263 2957 335 3018 Erat
365 2965 464 3029 antem
486 2957 544 3018 boo
575 2955 732 3034 hominum
754 2975 848 3038 genus
879 2951 1046 3028 lascivum,
1076 2963 1107 3014 et
1126 2962 1246 3015 tantuna

125 3070 189 3114 nou
212 3053 244 3114 in
272 3052 345 3134 ipsis
364 3050 487 3134 templis
520 3050 680 3114 muliebria
701 3051 879 3134 patiebatur.
913 3049 980 3112 sed·
996 3049 1132 3132 plerique
1150 3051 1244 3110 etiam

125 3143 280 3208 testiculos
300 3145 455 3228 ponebant
474 3145 604 3208 bilibres
631 3153 680 3219 (v.
702 3145 836 3216 intv1,
860 3145 916 3222 37¹
939 3152 1045 3226 seq.),
1065 3152 1097 3206 at
1118 3140 1243 3206 lascivae

125 3239 269 3304 mulieres
280 3261 388 3304 eorum
403 3241 565 3304 concubitu
580 3241 709 3302 maxime
720 3238 959 3314 delectabantur,
972 3237 1054 3321 quod
1066 3259 1128 3300 non
1140 3236 1243 3319 gigne-

125 3337 201 3398 bant
227 3336 621 3417 (v.tnf.v1‚366seq.).
650 3335 838 3398 Alterutrum
867 3336 977 3396 Noster
1006 3333 1122 3414 tetigit,
1141 3333 1241 3414 tetigit
1314 3401 1315 3404 Ἴ

127 3443 237 3494 tamen.
257 3432 334 3494 Nam
349 3433 446 3516 priori
461 3430 552 3492 modo
571 3431 691 3492 satirica
702 3431 854 3512 gallinam
874 3438 960 3490 vocat
975 3427 1117 3499 Gallumt
1138 3436 1244 3508 poste·

125 3527 202 3590 riori
225 3547 320 3603 vero,
339 3527 422 3612 quod
442 3528 535 3609 magis
548 3527 685 3603 videtur,
704 3527 821 3620 gallina
842 3525 902 3586 erit
916 3522 1068 3592 adultera,
1084 3543 1243 3604 quaecum

127 3622 274 3707 Cybelico
299 3622 424 3687 solebat.
445 3625 524 3686 Nam
555 3633 585 3684 et
618 3623 712 3684 Gallis
742 3623 805 3684 istis
837 3641 894 3683 vox
927 3619 1013 3680 exilis
1052 3626 1097 3688 (v.
1118 3638 1182 3698 sup.
1202 3617 1243 3690 ll,

130 3729 220 3795 ttt.);
242 3739 336 3801 porro
363 3727 394 3781 et
411 3717 573 3782 mordendi
594 3718 719 3780 verbum
740 3717 783 3778 sio
803 3713 1004 3796 aptissimum:
1025 3721 1113 3774 notae
1131 3711 1243 3800 quippe

127 3815 296 3876 amantium
321 3814 510 3877 blandientes
531 3811 755 3876 mansiunculae
774 3831 813 3872 ex
833 3812 926 3891 Prop.
946 3808 1004 3884 lv,
1025 3807 1056 3882 3,
1076 3805 1125 3868 25.
1139 3805 1242 3884 ·5„39.

128 3917 160 3968 ct
179 3909 270 3971 ovid.
289 3912 357 3973 Am.
372 3911 398 3986 l,
413 3912 443 3985 8,
463 3911 511 3988 98.
527 3951 548 3984 „
569 3910 618 3970 Cf.
633 3909 729 3989 intpp.
752 3905 856 3966 Horat.
869 3902 931 3966 Od.
952 3901 1041 3976 l,13,
1066 3923 1110 3961 12.
1126 3899 1243 3961 Vereor
1272 3897 1277 3904 ’

130 4016 249 4079 tumen,
276 4026 316 4065 ne
338 4012 442 4086 poetae
473 4005 516 4066 sic
535 4003 756 4072 obtrudantur,
784 4019 860 4082 qnae
892 3996 947 4081 ipsi
968 4016 1029 4058 non
1051 3996 1083 4054 in
1111 4003 1242 4054 mentem

130 4119 256 4174 venere,
277 4099 331 4162 etsi
351 4099 505 4182 ingeniosa
524 4106 607 4182 uerte
629 4083 707 4160 baett'
723 4093 907 4162 videbuntur
930 4092 982 4173 iis,
1007 4089 1117 4175 quibus
1139 4087 1244 4168 lubet,

131 4195 163 4255 in
184 4195 292 4260 talibus
313 4195 434 4278 ingenio
458 4192 624 4277 indulgere.
