<?xml version="1.0" encoding="UTF-8"?>
<!DOCTYPE html PUBLIC "-//W3C//DTD XHTML 1.0 Transitional//EN"
    "http://www.w3.org/TR/xhtml1/DTD/xhtml1-transitional.dtd">
<html xmlns="http://www.w3.org/1999/xhtml" xml:lang="en" lang="en">
 <head>
  <title>
</title>
<meta http-equiv="Content-Type" content="text/html;charset=utf-8" />
  <meta name='ocr-system' content='tesseract 3.04.00' />
  <meta name='ocr-capabilities' content='ocr_page ocr_carea ocr_par ocr_line ocrx_word'/>
</head>
<body>
  <div class='ocr_page' id='page_1' title='image "./diuniiiuvenalis00persgoog_0074.png"; bbox 0 0 3028 5492; ppageno 0'>
   <div class='ocr_carea' id='block_1_1' title="bbox 296 355 984 468">
    <p class='ocr_par' dir='ltr' id='par_1_1' title="bbox 296 355 984 468">
     <span class='ocr_line' id='line_1_1' title="bbox 296 355 984 468; baseline -0.01 -4"><span class='ocrx_word' id='word_1_1' title='bbox 296 355 395 464; x_wconf 80' lang='lat' dir='ltr'><strong>lxvi</strong></span> <span class='ocrx_word' id='word_1_2' title='bbox 727 391 785 456; x_wconf 84' lang='lat' dir='ltr'><strong>aa</strong></span> <span class='ocrx_word' id='word_1_3' title='bbox 818 387 984 468; x_wconf 76' lang='lat' dir='ltr'><strong>saurais</strong></span> 
     </span>
    </p>
   </div>
   <div class='ocr_carea' id='block_1_2' title="bbox 295 590 1479 876">
    <p class='ocr_par' dir='ltr' id='par_1_2' title="bbox 295 590 1479 876">
     <span class='ocr_line' id='line_1_2' title="bbox 295 590 1430 683; baseline -0.001 -18"><span class='ocrx_word' id='word_1_4' title='bbox 295 600 399 665; x_wconf 86' lang='lat' dir='ltr'><strong>tinent</strong></span> <span class='ocrx_word' id='word_1_5' title='bbox 417 590 549 662; x_wconf 88' lang='lat' dir='ltr'><strong>morales</strong></span> <span class='ocrx_word' id='word_1_6' title='bbox 568 615 622 660; x_wconf 87' lang='lat' dir='ltr'><strong>seu</strong></span> <span class='ocrx_word' id='word_1_7' title='bbox 642 594 779 672; x_wconf 84' lang='lat' dir='ltr'><strong>ethicae,</strong></span> <span class='ocrx_word' id='word_1_8' title='bbox 801 595 910 680; x_wconf 84' lang='lat' dir='ltr'><strong>quales</strong></span> <span class='ocrx_word' id='word_1_9' title='bbox 928 593 1075 660; x_wconf 81' lang='lat' dir='ltr'><strong>Horatius</strong></span> <span class='ocrx_word' id='word_1_10' title='bbox 1095 595 1276 683; x_wconf 76' lang='lat' dir='ltr'>composuit.</span> <span class='ocrx_word' id='word_1_11' title='bbox 1309 595 1430 664; x_wconf 81' lang='lat' dir='ltr'><strong>Earum</strong></span> 
     </span>
     <span class='ocr_line' id='line_1_3' title="bbox 296 693 1430 777; baseline 0.002 -17"><span class='ocrx_word' id='word_1_12' title='bbox 296 697 425 761; x_wconf 89' lang='lat' dir='ltr'><strong>omnino</strong></span> <span class='ocrx_word' id='word_1_13' title='bbox 454 704 500 758; x_wconf 88' lang='lat' dir='ltr'><strong>est</strong></span> <span class='ocrx_word' id='word_1_14' title='bbox 520 695 673 756; x_wconf 88' lang='lat' dir='ltr'><strong>instruere</strong></span> <span class='ocrx_word' id='word_1_15' title='bbox 698 693 838 756; x_wconf 90' lang='lat' dir='ltr'><strong>homines</strong></span> <span class='ocrx_word' id='word_1_16' title='bbox 858 701 889 756; x_wconf 89' lang='lat' dir='ltr'><strong>et</strong></span> <span class='ocrx_word' id='word_1_17' title='bbox 909 693 1041 770; x_wconf 89' lang='lat' dir='ltr'><strong>docere,</strong></span> <span class='ocrx_word' id='word_1_18' title='bbox 1076 695 1254 777; x_wconf 78' lang='lat' dir='ltr'><strong>praecipere</strong></span> <span class='ocrx_word' id='word_1_19' title='bbox 1279 695 1430 762; x_wconf 80' lang='lat' dir='ltr'><strong>virtutem</strong></span> 
     </span>
     <span class='ocr_line' id='line_1_4' title="bbox 295 787 1479 876; baseline -0.001 -21"><span class='ocrx_word' id='word_1_20' title='bbox 295 794 335 855; x_wconf 88' lang='lat' dir='ltr'><strong>ad</strong></span> <span class='ocrx_word' id='word_1_21' title='bbox 356 813 484 876; x_wconf 89' lang='lat' dir='ltr'><strong>eamque</strong></span> <span class='ocrx_word' id='word_1_22' title='bbox 503 787 744 874; x_wconf 77' lang='lat' dir='ltr'><strong>amplectendam</strong></span> <span class='ocrx_word' id='word_1_23' title='bbox 767 798 798 851; x_wconf 87' lang='lat' dir='ltr'><strong>et</strong></span> <span class='ocrx_word' id='word_1_24' title='bbox 818 789 978 853; x_wconf 86' lang='lat' dir='ltr'><strong>colendam</strong></span> <span class='ocrx_word' id='word_1_25' title='bbox 1001 789 1145 852; x_wconf 82' lang='lat' dir='ltr'><strong>excitare.</strong></span> <span class='ocrx_word' id='word_1_26' title='bbox 1178 789 1235 852; x_wconf 89' lang='lat' dir='ltr'><strong>llis</strong></span> <span class='ocrx_word' id='word_1_27' title='bbox 1259 792 1429 856; x_wconf 87' lang='lat' dir='ltr'><strong>moralibus</strong></span> <span class='ocrx_word' id='word_1_28' title='bbox 1476 847 1479 854; x_wconf 80' lang='grc'>,</span> 
     </span>
    </p>
   </div>
   <div class='ocr_carea' id='block_1_3' title="bbox 185 883 1432 973">
    <p class='ocr_par' dir='ltr' id='par_1_3' title="bbox 185 883 1432 973">
     <span class='ocr_line' id='line_1_5' title="bbox 185 883 1432 973; baseline -0.001 -21"><span class='ocrx_word' id='word_1_29' title='bbox 185 954 189 962; x_wconf 74' lang='grc'><em>,</em></span> <span class='ocrx_word' id='word_1_30' title='bbox 294 890 442 973; x_wconf 87' lang='lat' dir='ltr'><strong>Epistolis</strong></span> <span class='ocrx_word' id='word_1_31' title='bbox 468 897 553 963; x_wconf 91' lang='lat' dir='ltr'><strong>(num</strong></span> <span class='ocrx_word' id='word_1_32' title='bbox 574 883 709 969; x_wconf 89' lang='lat' dir='ltr'><strong>reliquae</strong></span> <span class='ocrx_word' id='word_1_33' title='bbox 733 885 812 946; x_wconf 81' lang='lat' dir='ltr'><strong>nihil</strong></span> <span class='ocrx_word' id='word_1_34' title='bbox 846 885 885 946; x_wconf 92' lang='lat' dir='ltr'><strong>ad</strong></span> <span class='ocrx_word' id='word_1_35' title='bbox 907 885 941 946; x_wconf 90' lang='lat' dir='ltr'><strong>h.</strong></span> <span class='ocrx_word' id='word_1_36' title='bbox 961 885 995 962; x_wconf 89' lang='lat' dir='ltr'><strong>l.)</strong></span> <span class='ocrx_word' id='word_1_37' title='bbox 1024 907 1207 970; x_wconf 89' lang='lat' dir='ltr'><strong>quamquam</strong></span> <span class='ocrx_word' id='word_1_38' title='bbox 1233 889 1432 973; x_wconf 77' lang='lat' dir='ltr'><strong>propinquae</strong></span> 
     </span>
    </p>
   </div>
   <div class='ocr_carea' id='block_1_4' title="bbox 294 980 1432 2222">
    <p class='ocr_par' dir='ltr' id='par_1_4' title="bbox 294 980 1432 2222">
     <span class='ocr_line' id='line_1_6' title="bbox 295 980 1432 1065; baseline -0.001 -17"><span class='ocrx_word' id='word_1_39' title='bbox 295 997 370 1048; x_wconf 88' lang='lat' dir='ltr'><strong>sunt</strong></span> <span class='ocrx_word' id='word_1_40' title='bbox 389 983 527 1061; x_wconf 86' lang='lat' dir='ltr'><strong>Satirae,</strong></span> <span class='ocrx_word' id='word_1_41' title='bbox 547 981 786 1065; x_wconf 80' lang='lat' dir='ltr'><strong>propinquiores</strong></span> <span class='ocrx_word' id='word_1_42' title='bbox 807 980 888 1063; x_wconf 91' lang='lat' dir='ltr'><strong>apud</strong></span> <span class='ocrx_word' id='word_1_43' title='bbox 909 981 1089 1056; x_wconf 81' lang='lat' dir='ltr'><strong>Horatium,</strong></span> <span class='ocrx_word' id='word_1_44' title='bbox 1107 983 1163 1065; x_wconf 90' lang='lat' dir='ltr'><strong>qui</strong></span> <span class='ocrx_word' id='word_1_45' title='bbox 1177 993 1208 1046; x_wconf 87' lang='lat' dir='ltr'><strong>et</strong></span> <span class='ocrx_word' id='word_1_46' title='bbox 1222 984 1432 1047; x_wconf 77' lang='lat' dir='ltr'><strong>urbanissime</strong></span> 
     </span>
     <span class='ocr_line' id='line_1_7' title="bbox 296 1077 1431 1163; baseline 0 -19"><span class='ocrx_word' id='word_1_47' title='bbox 296 1081 369 1144; x_wconf 82' lang='lat' dir='ltr'><strong>vitia</strong></span> <span class='ocrx_word' id='word_1_48' title='bbox 388 1079 522 1163; x_wconf 77' lang='lat' dir='ltr'><strong>carpsit,</strong></span> <span class='ocrx_word' id='word_1_49' title='bbox 554 1087 585 1142; x_wconf 91' lang='lat' dir='ltr'><strong>ct</strong></span> <span class='ocrx_word' id='word_1_50' title='bbox 605 1079 638 1140; x_wconf 89' lang='lat' dir='ltr'><strong>in</strong></span> <span class='ocrx_word' id='word_1_51' title='bbox 663 1077 813 1139; x_wconf 82' lang='lat' dir='ltr'><strong>uirtutum</strong></span> <span class='ocrx_word' id='word_1_52' title='bbox 843 1077 1111 1142; x_wconf 87' lang='lat' dir='ltr'><strong>commendatione</strong></span> <span class='ocrx_word' id='word_1_53' title='bbox 1130 1101 1201 1141; x_wconf 91' lang='lat' dir='ltr'><strong>cum</strong></span> <span class='ocrx_word' id='word_1_54' title='bbox 1222 1079 1346 1143; x_wconf 88' lang='lat' dir='ltr'><strong>illoram</strong></span> <span class='ocrx_word' id='word_1_55' title='bbox 1367 1079 1431 1145; x_wconf 87' lang='lat' dir='ltr'><strong>leri</strong></span> 
     </span>
     <span class='ocr_line' id='line_1_8' title="bbox 294 1174 1429 1264; baseline 0 -21"><span class='ocrx_word' id='word_1_56' title='bbox 294 1179 449 1264; x_wconf 79' lang='lat' dir='ltr'><strong>vituperio</strong></span> <span class='ocrx_word' id='word_1_57' title='bbox 480 1175 627 1240; x_wconf 87' lang='lat' dir='ltr'><strong>socianda</strong></span> <span class='ocrx_word' id='word_1_58' title='bbox 663 1174 801 1236; x_wconf 90' lang='lat' dir='ltr'><strong>mirabile</strong></span> <span class='ocrx_word' id='word_1_59' title='bbox 829 1184 1106 1259; x_wconf 85' lang='lat' dir='ltr'><strong>temperamentum</strong></span> <span class='ocrx_word' id='word_1_60' title='bbox 1135 1175 1291 1242; x_wconf 86' lang='lat' dir='ltr'><strong>adhibuit:</strong></span> <span class='ocrx_word' id='word_1_61' title='bbox 1321 1188 1429 1243; x_wconf 87' lang='lat' dir='ltr'><strong>tamen</strong></span> 
     </span>
     <span class='ocr_line' id='line_1_9' title="bbox 297 1269 1430 1350; baseline -0.001 -14"><span class='ocrx_word' id='word_1_62' title='bbox 297 1273 468 1336; x_wconf 84' lang='lat' dir='ltr'><strong>Satirarum</strong></span> <span class='ocrx_word' id='word_1_63' title='bbox 483 1272 582 1335; x_wconf 89' lang='lat' dir='ltr'><strong>omnis</strong></span> <span class='ocrx_word' id='word_1_64' title='bbox 603 1272 648 1334; x_wconf 83' lang='lat' dir='ltr'><strong>vis</strong></span> <span class='ocrx_word' id='word_1_65' title='bbox 669 1291 732 1332; x_wconf 88' lang='lat' dir='ltr'><strong>non</strong></span> <span class='ocrx_word' id='word_1_66' title='bbox 753 1269 894 1334; x_wconf 89' lang='lat' dir='ltr'><strong>docendo</strong></span> <span class='ocrx_word' id='word_1_67' title='bbox 915 1279 946 1332; x_wconf 90' lang='lat' dir='ltr'><strong>et</strong></span> <span class='ocrx_word' id='word_1_68' title='bbox 966 1270 1142 1344; x_wconf 89' lang='lat' dir='ltr'><strong>manendo,</strong></span> <span class='ocrx_word' id='word_1_69' title='bbox 1168 1292 1275 1334; x_wconf 81' lang='lat' dir='ltr'><strong>rernm</strong></span> <span class='ocrx_word' id='word_1_70' title='bbox 1295 1272 1430 1350; x_wconf 83' lang='lat' dir='ltr'><strong>ridendo</strong></span> 
     </span>
     <span class='ocr_line' id='line_1_10' title="bbox 297 1365 1430 1454; baseline 0 -20"><span class='ocrx_word' id='word_1_71' title='bbox 297 1382 329 1434; x_wconf 92' lang='lat' dir='ltr'><strong>et</strong></span> <span class='ocrx_word' id='word_1_72' title='bbox 349 1369 539 1454; x_wconf 88' lang='lat' dir='ltr'><strong>increpando</strong></span> <span class='ocrx_word' id='word_1_73' title='bbox 560 1367 762 1453; x_wconf 81' lang='lat' dir='ltr'><strong>expromitur,</strong></span> <span class='ocrx_word' id='word_1_74' title='bbox 782 1367 807 1428; x_wconf 92' lang='lat' dir='ltr'><strong>si</strong></span> <span class='ocrx_word' id='word_1_75' title='bbox 828 1365 954 1451; x_wconf 89' lang='lat' dir='ltr'><strong>quidem</strong></span> <span class='ocrx_word' id='word_1_76' title='bbox 974 1368 1007 1429; x_wconf 91' lang='lat' dir='ltr'><strong>in</strong></span> <span class='ocrx_word' id='word_1_77' title='bbox 1028 1389 1067 1446; x_wconf 77' lang='lat' dir='ltr'><strong>eq</strong></span> <span class='ocrx_word' id='word_1_78' title='bbox 1085 1378 1254 1446; x_wconf 82' lang='lat' dir='ltr'><strong>vereantur,</strong></span> <span class='ocrx_word' id='word_1_79' title='bbox 1275 1379 1308 1432; x_wconf 90' lang='lat' dir='ltr'><strong>ut</strong></span> <span class='ocrx_word' id='word_1_80' title='bbox 1326 1371 1430 1434; x_wconf 82' lang='lat' dir='ltr'><strong>ritio-</strong></span> 
     </span>
     <span class='ocr_line' id='line_1_11' title="bbox 295 1459 1429 1550; baseline -0.001 -22"><span class='ocrx_word' id='word_1_81' title='bbox 295 1486 368 1528; x_wconf 90' lang='lat' dir='ltr'><strong>rum</strong></span> <span class='ocrx_word' id='word_1_82' title='bbox 390 1465 439 1529; x_wconf 85' lang='lat' dir='ltr'><strong>rel</strong></span> <span class='ocrx_word' id='word_1_83' title='bbox 460 1465 635 1549; x_wconf 80' lang='lat' dir='ltr'><strong>graviorum</strong></span> <span class='ocrx_word' id='word_1_84' title='bbox 656 1461 901 1545; x_wconf 89' lang='lat' dir='ltr'><strong>turpitudinem,</strong></span> <span class='ocrx_word' id='word_1_85' title='bbox 921 1459 968 1523; x_wconf 84' lang='lat' dir='ltr'><strong>rel</strong></span> <span class='ocrx_word' id='word_1_86' title='bbox 990 1461 1142 1524; x_wconf 83' lang='lat' dir='ltr'><strong>leviorum</strong></span> <span class='ocrx_word' id='word_1_87' title='bbox 1162 1463 1323 1550; x_wconf 79' lang='lat' dir='ltr'><strong>ridiculam</strong></span> <span class='ocrx_word' id='word_1_88' title='bbox 1343 1465 1429 1526; x_wconf 87' lang='lat' dir='ltr'><strong>stul-</strong></span> 
     </span>
     <span class='ocr_line' id='line_1_12' title="bbox 296 1556 1427 1642; baseline -0.001 -18"><span class='ocrx_word' id='word_1_89' title='bbox 296 1562 398 1624; x_wconf 88' lang='lat' dir='ltr'><strong>titiam</strong></span> <span class='ocrx_word' id='word_1_90' title='bbox 417 1569 544 1634; x_wconf 88' lang='lat' dir='ltr'><strong>notent,</strong></span> <span class='ocrx_word' id='word_1_91' title='bbox 569 1558 770 1640; x_wconf 78' lang='lat' dir='ltr'><strong>redarguant,</strong></span> <span class='ocrx_word' id='word_1_92' title='bbox 789 1557 947 1638; x_wconf 78' lang='lat' dir='ltr'><strong>castigent.</strong></span> <span class='ocrx_word' id='word_1_93' title='bbox 960 1556 1048 1621; x_wconf 88' lang='lat' dir='ltr'><strong>Vnde</strong></span> <span class='ocrx_word' id='word_1_94' title='bbox 1068 1557 1184 1641; x_wconf 82' lang='lat' dir='ltr'><strong>duplex</strong></span> <span class='ocrx_word' id='word_1_95' title='bbox 1204 1579 1308 1622; x_wconf 90' lang='lat' dir='ltr'><strong>earum</strong></span> <span class='ocrx_word' id='word_1_96' title='bbox 1329 1580 1427 1642; x_wconf 74' lang='lat' dir='ltr'><strong>genus</strong></span> 
     </span>
     <span class='ocr_line' id='line_1_13' title="bbox 297 1653 1430 1736; baseline -0.001 -16"><span class='ocrx_word' id='word_1_97' title='bbox 297 1658 472 1720; x_wconf 75' lang='lat' dir='ltr'><strong>enascitur:</strong></span> <span class='ocrx_word' id='word_1_98' title='bbox 508 1677 603 1718; x_wconf 91' lang='lat' dir='ltr'><strong>unum</strong></span> <span class='ocrx_word' id='word_1_99' title='bbox 626 1653 772 1716; x_wconf 88' lang='lat' dir='ltr'><strong>hilarium</strong></span> <span class='ocrx_word' id='word_1_100' title='bbox 793 1673 829 1714; x_wconf 89' lang='lat' dir='ltr'><strong>uc</strong></span> <span class='ocrx_word' id='word_1_101' title='bbox 849 1653 1047 1729; x_wconf 77' lang='lat' dir='ltr'><strong>furtivarum,</strong></span> <span class='ocrx_word' id='word_1_102' title='bbox 1078 1675 1153 1736; x_wconf 90' lang='lat' dir='ltr'><strong>quas</strong></span> <span class='ocrx_word' id='word_1_103' title='bbox 1180 1655 1332 1718; x_wconf 85' lang='lat' dir='ltr'><strong>Venusini</strong></span> <span class='ocrx_word' id='word_1_104' title='bbox 1350 1658 1430 1720; x_wconf 81' lang='lat' dir='ltr'><strong>ratis</strong></span> 
     </span>
     <span class='ocr_line' id='line_1_14' title="bbox 297 1725 1430 1838; baseline 0 -22"><span class='ocrx_word' id='word_1_105' title='bbox 297 1754 446 1838; x_wconf 85' lang='lat' dir='ltr'><strong>elegantia</strong></span> <span class='ocrx_word' id='word_1_106' title='bbox 462 1753 554 1828; x_wconf 79' lang='lat' dir='ltr'><strong>lusit3</strong></span> <span class='ocrx_word' id='word_1_107' title='bbox 575 1751 705 1814; x_wconf 87' lang='lat' dir='ltr'><strong>alterum</strong></span> <span class='ocrx_word' id='word_1_108' title='bbox 720 1749 852 1812; x_wconf 85' lang='lat' dir='ltr'><strong>tristium</strong></span> <span class='ocrx_word' id='word_1_109' title='bbox 872 1760 905 1813; x_wconf 89' lang='lat' dir='ltr'><strong>et</strong></span> <span class='ocrx_word' id='word_1_110' title='bbox 923 1725 1130 1830; x_wconf 67' lang='lat' dir='ltr'><strong>ausldrarum,</strong></span> <span class='ocrx_word' id='word_1_111' title='bbox 1149 1752 1260 1835; x_wconf 88' lang='lat' dir='ltr'><strong>quibus</strong></span> <span class='ocrx_word' id='word_1_112' title='bbox 1274 1753 1430 1817; x_wconf 75' lang='lat' dir='ltr'><strong>luvenalis</strong></span> 
     </span>
     <span class='ocr_line' id='line_1_15' title="bbox 296 1843 1429 1934; baseline 0.001 -22"><span class='ocrx_word' id='word_1_113' title='bbox 296 1851 453 1934; x_wconf 88' lang='lat' dir='ltr'><strong>Persiique</strong></span> <span class='ocrx_word' id='word_1_114' title='bbox 466 1851 511 1910; x_wconf 90' lang='lat' dir='ltr'><strong>ira</strong></span> <span class='ocrx_word' id='word_1_115' title='bbox 526 1871 557 1911; x_wconf 90' lang='lat' dir='ltr'><strong>se</strong></span> <span class='ocrx_word' id='word_1_116' title='bbox 577 1849 715 1911; x_wconf 86' lang='lat' dir='ltr'><strong>armarit.</strong></span> <span class='ocrx_word' id='word_1_117' title='bbox 727 1845 870 1930; x_wconf 87' lang='lat' dir='ltr'><strong>Denique</strong></span> <span class='ocrx_word' id='word_1_118' title='bbox 885 1843 1142 1934; x_wconf 78' lang='lat' dir='ltr'><strong>quemadmodum</strong></span> <span class='ocrx_word' id='word_1_119' title='bbox 1158 1851 1300 1913; x_wconf 89' lang='lat' dir='ltr'><strong>materies</strong></span> <span class='ocrx_word' id='word_1_120' title='bbox 1313 1851 1429 1913; x_wconf 87' lang='lat' dir='ltr'><strong>horum</strong></span> 
     </span>
     <span class='ocr_line' id='line_1_16' title="bbox 297 1945 1430 2030; baseline 0.002 -20"><span class='ocrx_word' id='word_1_121' title='bbox 297 1947 472 2010; x_wconf 89' lang='lat' dir='ltr'><strong>carminum</strong></span> <span class='ocrx_word' id='word_1_122' title='bbox 492 1946 609 2008; x_wconf 83' lang='lat' dir='ltr'><strong>diversa</strong></span> <span class='ocrx_word' id='word_1_123' title='bbox 633 1955 696 2018; x_wconf 88' lang='lat' dir='ltr'><strong>cst,</strong></span> <span class='ocrx_word' id='word_1_124' title='bbox 720 1945 759 2006; x_wconf 87' lang='lat' dir='ltr'><strong>itu</strong></span> <span class='ocrx_word' id='word_1_125' title='bbox 780 1954 810 2006; x_wconf 90' lang='lat' dir='ltr'><strong>et</strong></span> <span class='ocrx_word' id='word_1_126' title='bbox 829 1947 979 2006; x_wconf 84' lang='lat' dir='ltr'><strong>orationis</strong></span> <span class='ocrx_word' id='word_1_127' title='bbox 999 1945 1086 2008; x_wconf 91' lang='lat' dir='ltr'><strong>color</strong></span> <span class='ocrx_word' id='word_1_128' title='bbox 1094 1947 1237 2030; x_wconf 84' lang='lat' dir='ltr'><strong>ratioque</strong></span> <span class='ocrx_word' id='word_1_129' title='bbox 1250 1963 1430 2012; x_wconf 84' lang='lat' dir='ltr'><strong>metrorum.</strong></span> 
     </span>
     <span class='ocr_line' id='line_1_17' title="bbox 296 2040 1432 2128; baseline -0.002 -20"><span class='ocrx_word' id='word_1_130' title='bbox 296 2041 333 2108; x_wconf 94' lang='lat' dir='ltr'><strong>ln</strong></span> <span class='ocrx_word' id='word_1_131' title='bbox 355 2043 501 2128; x_wconf 84' lang='lat' dir='ltr'><strong>Epistolis</strong></span> <span class='ocrx_word' id='word_1_132' title='bbox 514 2042 597 2105; x_wconf 86' lang='lat' dir='ltr'><strong>enim</strong></span> <span class='ocrx_word' id='word_1_133' title='bbox 620 2041 750 2123; x_wconf 79' lang='lat' dir='ltr'><strong>gravitas</strong></span> <span class='ocrx_word' id='word_1_134' title='bbox 772 2040 875 2103; x_wconf 91' lang='lat' dir='ltr'><strong>elucet</strong></span> <span class='ocrx_word' id='word_1_135' title='bbox 889 2040 1084 2125; x_wconf 86' lang='lat' dir='ltr'><strong>Philosophi,</strong></span> <span class='ocrx_word' id='word_1_136' title='bbox 1099 2043 1197 2124; x_wconf 87' lang='lat' dir='ltr'><strong>qualis</strong></span> <span class='ocrx_word' id='word_1_137' title='bbox 1216 2043 1346 2108; x_wconf 86' lang='lat' dir='ltr'><strong>decebat</strong></span> <span class='ocrx_word' id='word_1_138' title='bbox 1365 2045 1432 2106; x_wconf 86' lang='lat' dir='ltr'><strong>Ho-</strong></span> 
     </span>
     <span class='ocr_line' id='line_1_18' title="bbox 294 2137 1432 2222; baseline 0 -20"><span class='ocrx_word' id='word_1_139' title='bbox 294 2139 432 2215; x_wconf 85' lang='lat' dir='ltr'><strong>ratium,</strong></span> <span class='ocrx_word' id='word_1_140' title='bbox 466 2137 645 2210; x_wconf 77' lang='lat' dir='ltr'><strong>elvirum,</strong></span> <span class='ocrx_word' id='word_1_141' title='bbox 682 2147 712 2199; x_wconf 88' lang='lat' dir='ltr'><strong>et</strong></span> <span class='ocrx_word' id='word_1_142' title='bbox 744 2157 835 2200; x_wconf 79' lang='lat' dir='ltr'><strong>verae</strong></span> <span class='ocrx_word' id='word_1_143' title='bbox 855 2137 1020 2222; x_wconf 89' lang='lat' dir='ltr'><strong>sapientiae</strong></span> <span class='ocrx_word' id='word_1_144' title='bbox 1040 2137 1232 2200; x_wconf 83' lang='lat' dir='ltr'><strong>studiosum:</strong></span> <span class='ocrx_word' id='word_1_145' title='bbox 1267 2139 1298 2202; x_wconf 90' lang='lat' dir='ltr'><strong>in</strong></span> <span class='ocrx_word' id='word_1_146' title='bbox 1318 2141 1432 2202; x_wconf 84' lang='lat' dir='ltr'><strong>Satiris</strong></span> 
     </span>
    </p>
   </div>
   <div class='ocr_carea' id='block_1_5' title="bbox 158 2233 1431 2319">
    <p class='ocr_par' dir='ltr' id='par_1_5' title="bbox 158 2233 1431 2319">
     <span class='ocr_line' id='line_1_19' title="bbox 158 2233 1431 2319; baseline 0.002 -22"><span class='ocrx_word' id='word_1_147' title='bbox 158 2300 164 2315; x_wconf 50' lang='grc'><strong>,</strong></span> <span class='ocrx_word' id='word_1_148' title='bbox 294 2233 400 2298; x_wconf 84' lang='lat' dir='ltr'><strong>leuitas</strong></span> <span class='ocrx_word' id='word_1_149' title='bbox 434 2244 560 2318; x_wconf 87' lang='lat' dir='ltr'><strong>apparet</strong></span> <span class='ocrx_word' id='word_1_150' title='bbox 591 2233 734 2310; x_wconf 85' lang='lat' dir='ltr'><strong>Comici,</strong></span> <span class='ocrx_word' id='word_1_151' title='bbox 764 2233 862 2315; x_wconf 86' lang='lat' dir='ltr'><strong>qualis</strong></span> <span class='ocrx_word' id='word_1_152' title='bbox 892 2255 909 2293; x_wconf 95' lang='lat' dir='ltr'><strong>a</strong></span> <span class='ocrx_word' id='word_1_153' title='bbox 938 2239 1029 2316; x_wconf 88' lang='lat' dir='ltr'><strong>po&#39;e&#39;ta</strong></span> <span class='ocrx_word' id='word_1_154' title='bbox 1056 2233 1167 2296; x_wconf 82' lang='lat' dir='ltr'><strong>iuvene</strong></span> <span class='ocrx_word' id='word_1_155' title='bbox 1186 2238 1431 2319; x_wconf 83' lang='lat' dir='ltr'><strong>exspectabatur,</strong></span> 
     </span>
    </p>
   </div>
   <div class='ocr_carea' id='block_1_6' title="bbox 292 2327 1510 4546">
    <p class='ocr_par' dir='ltr' id='par_1_6' title="bbox 292 2327 1499 4046">
     <span class='ocr_line' id='line_1_20' title="bbox 298 2327 1432 2414; baseline 0.004 -22"><span class='ocrx_word' id='word_1_156' title='bbox 298 2329 479 2392; x_wconf 86' lang='lat' dir='ltr'><strong>iuveniliter</strong></span> <span class='ocrx_word' id='word_1_157' title='bbox 500 2328 668 2392; x_wconf 80' lang='lat' dir='ltr'><strong>exsultante</strong></span> <span class='ocrx_word' id='word_1_158' title='bbox 683 2329 860 2414; x_wconf 87' lang='lat' dir='ltr'><strong>poculisque</strong></span> <span class='ocrx_word' id='word_1_159' title='bbox 881 2338 912 2391; x_wconf 88' lang='lat' dir='ltr'><strong>et</strong></span> <span class='ocrx_word' id='word_1_160' title='bbox 925 2327 1034 2413; x_wconf 83' lang='lat' dir='ltr'><strong>puellis</strong></span> <span class='ocrx_word' id='word_1_161' title='bbox 1055 2329 1156 2393; x_wconf 90' lang='lat' dir='ltr'><strong>adhuc</strong></span> <span class='ocrx_word' id='word_1_162' title='bbox 1176 2331 1297 2394; x_wconf 90' lang='lat' dir='ltr'><strong>idoneo.</strong></span> <span class='ocrx_word' id='word_1_163' title='bbox 1317 2333 1353 2394; x_wconf 85' lang='lat' dir='ltr'><strong>ln</strong></span> <span class='ocrx_word' id='word_1_164' title='bbox 1370 2332 1432 2396; x_wconf 86' lang='lat' dir='ltr'><strong>illis</strong></span> 
     </span>
     <span class='ocr_line' id='line_1_21' title="bbox 297 2424 1435 2512; baseline 0.003 -26"><span class='ocrx_word' id='word_1_165' title='bbox 297 2437 470 2489; x_wconf 88' lang='lat' dir='ltr'><strong>metrorum</strong></span> <span class='ocrx_word' id='word_1_166' title='bbox 492 2425 669 2487; x_wconf 86' lang='lat' dir='ltr'><strong>adstrictior</strong></span> <span class='ocrx_word' id='word_1_167' title='bbox 691 2424 757 2499; x_wconf 84' lang='lat' dir='ltr'><strong>lex;</strong></span> <span class='ocrx_word' id='word_1_168' title='bbox 780 2426 812 2486; x_wconf 93' lang='lat' dir='ltr'><strong>in</strong></span> <span class='ocrx_word' id='word_1_169' title='bbox 834 2425 880 2487; x_wconf 88' lang='lat' dir='ltr'><strong>his</strong></span> <span class='ocrx_word' id='word_1_170' title='bbox 901 2445 1100 2489; x_wconf 88' lang='lat' dir='ltr'><strong>numerorum</strong></span> <span class='ocrx_word' id='word_1_171' title='bbox 1125 2425 1306 2489; x_wconf 89' lang='lat' dir='ltr'><strong>solutissima</strong></span> <span class='ocrx_word' id='word_1_172' title='bbox 1326 2429 1435 2512; x_wconf 82' lang='lat' dir='ltr'><strong>negli-</strong></span> 
     </span>
     <span class='ocr_line' id='line_1_22' title="bbox 298 2520 1434 2611; baseline 0.005 -27"><span class='ocrx_word' id='word_1_173' title='bbox 298 2523 412 2607; x_wconf 82' lang='lat' dir='ltr'><strong>gentia.</strong></span> <span class='ocrx_word' id='word_1_174' title='bbox 453 2521 490 2584; x_wconf 90' lang='lat' dir='ltr'><strong>ln</strong></span> <span class='ocrx_word' id='word_1_175' title='bbox 515 2521 661 2606; x_wconf 88' lang='lat' dir='ltr'><strong>Epistolis</strong></span> <span class='ocrx_word' id='word_1_176' title='bbox 688 2543 751 2584; x_wconf 92' lang='lat' dir='ltr'><strong>non</strong></span> <span class='ocrx_word' id='word_1_177' title='bbox 780 2520 952 2584; x_wconf 88' lang='lat' dir='ltr'><strong>Socraticae</strong></span> <span class='ocrx_word' id='word_1_178' title='bbox 973 2521 1072 2583; x_wconf 86' lang='lat' dir='ltr'><strong>solum</strong></span> <span class='ocrx_word' id='word_1_179' title='bbox 1094 2522 1307 2608; x_wconf 88' lang='lat' dir='ltr'><strong>philosophiae</strong></span> <span class='ocrx_word' id='word_1_180' title='bbox 1326 2549 1434 2611; x_wconf 73' lang='lat' dir='ltr'><strong>sparsa</strong></span> 
     </span>
     <span class='ocr_line' id='line_1_23' title="bbox 296 2617 1434 2706; baseline 0.004 -24"><span class='ocrx_word' id='word_1_181' title='bbox 296 2629 371 2682; x_wconf 89' lang='lat' dir='ltr'><strong>suut</strong></span> <span class='ocrx_word' id='word_1_182' title='bbox 389 2621 526 2695; x_wconf 87' lang='lat' dir='ltr'><strong>semina,</strong></span> <span class='ocrx_word' id='word_1_183' title='bbox 548 2617 600 2681; x_wconf 87' lang='lat' dir='ltr'><strong>sed</strong></span> <span class='ocrx_word' id='word_1_184' title='bbox 621 2617 674 2679; x_wconf 90' lang='lat' dir='ltr'><strong>illa</strong></span> <span class='ocrx_word' id='word_1_185' title='bbox 694 2638 817 2701; x_wconf 90' lang='lat' dir='ltr'><strong>quoque</strong></span> <span class='ocrx_word' id='word_1_186' title='bbox 838 2617 991 2695; x_wconf 87' lang='lat' dir='ltr'><strong>Socratis,</strong></span> <span class='ocrx_word' id='word_1_187' title='bbox 1011 2629 1096 2682; x_wconf 88' lang='lat' dir='ltr'><strong>certa</strong></span> <span class='ocrx_word' id='word_1_188' title='bbox 1115 2620 1334 2706; x_wconf 88' lang='lat' dir='ltr'><strong>discipulorum</strong></span> <span class='ocrx_word' id='word_1_189' title='bbox 1354 2625 1434 2704; x_wconf 88' lang='lat' dir='ltr'><strong>eius,</strong></span> 
     </span>
     <span class='ocr_line' id='line_1_24' title="bbox 296 2713 1434 2800; baseline 0.004 -20"><span class='ocrx_word' id='word_1_190' title='bbox 296 2716 400 2800; x_wconf 89' lang='lat' dir='ltr'><strong>lepida</strong></span> <span class='ocrx_word' id='word_1_191' title='bbox 432 2716 580 2800; x_wconf 88' lang='lat' dir='ltr'><strong>quaedam</strong></span> <span class='ocrx_word' id='word_1_192' title='bbox 604 2737 675 2776; x_wconf 91' lang='lat' dir='ltr'><strong>cnm</strong></span> <span class='ocrx_word' id='word_1_193' title='bbox 696 2713 868 2776; x_wconf 84' lang='lat' dir='ltr'><strong>urbanitate</strong></span> <span class='ocrx_word' id='word_1_194' title='bbox 894 2713 933 2776; x_wconf 88' lang='lat' dir='ltr'><strong>de</strong></span> <span class='ocrx_word' id='word_1_195' title='bbox 960 2714 1052 2776; x_wconf 86' lang='lat' dir='ltr'><strong>rebus</strong></span> <span class='ocrx_word' id='word_1_196' title='bbox 1079 2715 1119 2778; x_wconf 90' lang='lat' dir='ltr'><strong>ad</strong></span> <span class='ocrx_word' id='word_1_197' title='bbox 1149 2740 1249 2782; x_wconf 86' lang='lat' dir='ltr'><strong>mores</strong></span> <span class='ocrx_word' id='word_1_198' title='bbox 1280 2730 1312 2783; x_wconf 89' lang='lat' dir='ltr'><strong>et</strong></span> <span class='ocrx_word' id='word_1_199' title='bbox 1331 2721 1434 2784; x_wconf 87' lang='lat' dir='ltr'><strong>officia</strong></span> 
     </span>
     <span class='ocr_line' id='line_1_25' title="bbox 294 2809 1435 2897; baseline 0.003 -21"><span class='ocrx_word' id='word_1_200' title='bbox 294 2813 501 2897; x_wconf 81' lang='lat' dir='ltr'><strong>spectantibus</strong></span> <span class='ocrx_word' id='word_1_201' title='bbox 524 2809 702 2894; x_wconf 88' lang='lat' dir='ltr'><strong>disputandi</strong></span> <span class='ocrx_word' id='word_1_202' title='bbox 724 2809 805 2871; x_wconf 87' lang='lat' dir='ltr'><strong>ratio</strong></span> <span class='ocrx_word' id='word_1_203' title='bbox 825 2809 1006 2871; x_wconf 89' lang='lat' dir='ltr'><strong>adumbrata</strong></span> <span class='ocrx_word' id='word_1_204' title='bbox 1034 2813 1217 2894; x_wconf 83' lang='lat' dir='ltr'><strong>agnoscitur.</strong></span> <span class='ocrx_word' id='word_1_205' title='bbox 1249 2815 1297 2879; x_wconf 79' lang='lat' dir='ltr'><strong>nd</strong></span> <span class='ocrx_word' id='word_1_206' title='bbox 1316 2818 1435 2880; x_wconf 88' lang='lat' dir='ltr'><strong>Satiras</strong></span> 
     </span>
     <span class='ocr_line' id='line_1_26' title="bbox 295 2905 1433 2993; baseline 0.004 -22"><span class='ocrx_word' id='word_1_207' title='bbox 295 2919 402 2971; x_wconf 89' lang='lat' dir='ltr'><strong>contra</strong></span> <span class='ocrx_word' id='word_1_208' title='bbox 416 2908 529 2971; x_wconf 83' lang='lat' dir='ltr'><strong>referri</strong></span> <span class='ocrx_word' id='word_1_209' title='bbox 551 2907 686 2983; x_wconf 87' lang='lat' dir='ltr'><strong>debent,</strong></span> <span class='ocrx_word' id='word_1_210' title='bbox 708 2927 787 2988; x_wconf 86' lang='lat' dir='ltr'><strong>quae</strong></span> <span class='ocrx_word' id='word_1_211' title='bbox 801 2908 850 2968; x_wconf 85' lang='lat' dir='ltr'><strong>rel</strong></span> <span class='ocrx_word' id='word_1_212' title='bbox 869 2905 908 2967; x_wconf 90' lang='lat' dir='ltr'><strong>de</strong></span> <span class='ocrx_word' id='word_1_213' title='bbox 929 2906 1117 2973; x_wconf 83' lang='lat' dir='ltr'><strong>Comoedias</strong></span> <span class='ocrx_word' id='word_1_214' title='bbox 1138 2911 1249 2974; x_wconf 78' lang='lat' dir='ltr'><strong>veteris</strong></span> <span class='ocrx_word' id='word_1_215' title='bbox 1260 2913 1433 2993; x_wconf 84' lang='lat' dir='ltr'><strong>dicacitate,</strong></span> 
     </span>
     <span class='ocr_line' id='line_1_27' title="bbox 295 3003 1433 3088; baseline 0.006 -23"><span class='ocrx_word' id='word_1_216' title='bbox 295 3005 334 3066; x_wconf 89' lang='lat' dir='ltr'><strong>ab</strong></span> <span class='ocrx_word' id='word_1_217' title='bbox 355 3004 483 3067; x_wconf 88' lang='lat' dir='ltr'><strong>Horatio</strong></span> <span class='ocrx_word' id='word_1_218' title='bbox 504 3024 664 3088; x_wconf 85' lang='lat' dir='ltr'><strong>expressa,</strong></span> <span class='ocrx_word' id='word_1_219' title='bbox 684 3003 732 3065; x_wconf 83' lang='lat' dir='ltr'><strong>vel</strong></span> <span class='ocrx_word' id='word_1_220' title='bbox 752 3003 790 3065; x_wconf 86' lang='lat' dir='ltr'><strong>de</strong></span> <span class='ocrx_word' id='word_1_221' title='bbox 813 3003 939 3065; x_wconf 90' lang='lat' dir='ltr'><strong>mimico</strong></span> <span class='ocrx_word' id='word_1_222' title='bbox 961 3026 1082 3066; x_wconf 89' lang='lat' dir='ltr'><strong>moram</strong></span> <span class='ocrx_word' id='word_1_223' title='bbox 1103 3005 1324 3071; x_wconf 85' lang='lat' dir='ltr'><strong>imitandorum</strong></span> <span class='ocrx_word' id='word_1_224' title='bbox 1344 3011 1433 3072; x_wconf 88' lang='lat' dir='ltr'><strong>arti-</strong></span> 
     </span>
     <span class='ocr_line' id='line_1_28' title="bbox 295 3099 1432 3188; baseline 0.005 -26"><span class='ocrx_word' id='word_1_225' title='bbox 295 3099 390 3179; x_wconf 89' lang='lat' dir='ltr'><strong>ficio,</strong></span> <span class='ocrx_word' id='word_1_226' title='bbox 417 3100 465 3164; x_wconf 87' lang='lat' dir='ltr'><strong>rel</strong></span> <span class='ocrx_word' id='word_1_227' title='bbox 497 3099 535 3162; x_wconf 86' lang='lat' dir='ltr'><strong>da</strong></span> <span class='ocrx_word' id='word_1_228' title='bbox 555 3099 639 3162; x_wconf 81' lang='lat' dir='ltr'><strong>felici</strong></span> <span class='ocrx_word' id='word_1_229' title='bbox 661 3099 893 3161; x_wconf 88' lang='lat' dir='ltr'><strong>Lucilianorum</strong></span> <span class='ocrx_word' id='word_1_230' title='bbox 919 3099 1040 3162; x_wconf 89' lang='lat' dir='ltr'><strong>lusuum</strong></span> <span class='ocrx_word' id='word_1_231' title='bbox 1061 3103 1275 3168; x_wconf 88' lang='lat' dir='ltr'><strong>emendatione</strong></span> <span class='ocrx_word' id='word_1_232' title='bbox 1295 3107 1432 3188; x_wconf 88' lang='lat' dir='ltr'><strong>passim,</strong></span> 
     </span>
     <span class='ocr_line' id='line_1_29' title="bbox 296 3194 1431 3282; baseline 0.006 -24"><span class='ocrx_word' id='word_1_233' title='bbox 296 3196 351 3258; x_wconf 87' lang='lat' dir='ltr'><strong>sed</strong></span> <span class='ocrx_word' id='word_1_234' title='bbox 376 3196 550 3280; x_wconf 90' lang='lat' dir='ltr'><strong>promiscue</strong></span> <span class='ocrx_word' id='word_1_235' title='bbox 571 3194 739 3278; x_wconf 83' lang='lat' dir='ltr'><strong>disputavit</strong></span> <span class='ocrx_word' id='word_1_236' title='bbox 759 3195 860 3259; x_wconf 79' lang='lat' dir='ltr'><strong>Aetius</strong></span> <span class='ocrx_word' id='word_1_237' title='bbox 880 3195 912 3256; x_wconf 92' lang='lat' dir='ltr'><strong>in</strong></span> <span class='ocrx_word' id='word_1_238' title='bbox 932 3196 1013 3259; x_wconf 88' lang='lat' dir='ltr'><strong>libro</strong></span> <span class='ocrx_word' id='word_1_239' title='bbox 1033 3197 1293 3282; x_wconf 71' lang='lat' dir='ltr'><strong>supralaudato.»</strong></span> <span class='ocrx_word' id='word_1_240' title='bbox 1331 3201 1431 3265; x_wconf 87' lang='lat' dir='ltr'><strong>Eius-</strong></span> 
     </span>
     <span class='ocr_line' id='line_1_30' title="bbox 294 3289 1430 3376; baseline 0.005 -22"><span class='ocrx_word' id='word_1_241' title='bbox 294 3291 365 3354; x_wconf 86' lang='lat' dir='ltr'><strong>dem</strong></span> <span class='ocrx_word' id='word_1_242' title='bbox 385 3291 458 3353; x_wconf 89' lang='lat' dir='ltr'><strong>libri</strong></span> <span class='ocrx_word' id='word_1_243' title='bbox 472 3301 580 3354; x_wconf 88' lang='lat' dir='ltr'><strong>auctor</strong></span> <span class='ocrx_word' id='word_1_244' title='bbox 600 3291 680 3352; x_wconf 89' lang='lat' dir='ltr'><strong>bene</strong></span> <span class='ocrx_word' id='word_1_245' title='bbox 700 3289 792 3352; x_wconf 90' lang='lat' dir='ltr'><strong>docet</strong></span> <span class='ocrx_word' id='word_1_246' title='bbox 825 3312 892 3373; x_wconf 88' lang='lat' dir='ltr'><strong>cap.</strong></span> <span class='ocrx_word' id='word_1_247' title='bbox 911 3289 948 3367; x_wconf 84' lang='lat'><strong>3,</strong></span> <span class='ocrx_word' id='word_1_248' title='bbox 980 3293 1105 3376; x_wconf 81' lang='lat' dir='ltr'><strong>vestigia</strong></span> <span class='ocrx_word' id='word_1_249' title='bbox 1127 3293 1300 3362; x_wconf 84' lang='lat' dir='ltr'><strong>Platonicae</strong></span> <span class='ocrx_word' id='word_1_250' title='bbox 1319 3297 1430 3360; x_wconf 91' lang='lat' dir='ltr'><strong>imita-</strong></span> 
     </span>
     <span class='ocr_line' id='line_1_31' title="bbox 293 3385 1429 3470; baseline 0.007 -22"><span class='ocrx_word' id='word_1_251' title='bbox 293 3387 386 3448; x_wconf 86' lang='lat' dir='ltr'><strong>tionis</strong></span> <span class='ocrx_word' id='word_1_252' title='bbox 405 3391 571 3470; x_wconf 87' lang='lat' dir='ltr'><strong>praecipue</strong></span> <span class='ocrx_word' id='word_1_253' title='bbox 591 3385 721 3469; x_wconf 88' lang='lat' dir='ltr'><strong>reperiri</strong></span> <span class='ocrx_word' id='word_1_254' title='bbox 743 3385 775 3446; x_wconf 92' lang='lat' dir='ltr'><strong>in</strong></span> <span class='ocrx_word' id='word_1_255' title='bbox 797 3385 919 3449; x_wconf 89' lang='lat' dir='ltr'><strong>Horatii</strong></span> <span class='ocrx_word' id='word_1_256' title='bbox 940 3387 1035 3470; x_wconf 88' lang='lat' dir='ltr'><strong>Epist.</strong></span> <span class='ocrx_word' id='word_1_257' title='bbox 1056 3389 1095 3451; x_wconf 90' lang='lat' dir='ltr'><strong>ad</strong></span> <span class='ocrx_word' id='word_1_258' title='bbox 1116 3389 1236 3454; x_wconf 81' lang='lat' dir='ltr'><strong>Pisones</strong></span> <span class='ocrx_word' id='word_1_259' title='bbox 1268 3391 1331 3468; x_wconf 89' lang='lat' dir='ltr'><strong>(da</strong></span> <span class='ocrx_word' id='word_1_260' title='bbox 1351 3398 1429 3456; x_wconf 76' lang='lat' dir='ltr'><strong>Arte</strong></span> 
     </span>
     <span class='ocr_line' id='line_1_32' title="bbox 293 3480 1428 3572; baseline 0.007 -28"><span class='ocrx_word' id='word_1_261' title='bbox 293 3481 453 3558; x_wconf 76' lang='lat' dir='ltr'><strong>Politice),</strong></span> <span class='ocrx_word' id='word_1_262' title='bbox 474 3491 505 3543; x_wconf 91' lang='lat' dir='ltr'><strong>et</strong></span> <span class='ocrx_word' id='word_1_263' title='bbox 524 3482 556 3542; x_wconf 90' lang='lat' dir='ltr'><strong>in</strong></span> <span class='ocrx_word' id='word_1_264' title='bbox 583 3480 639 3541; x_wconf 89' lang='lat' dir='ltr'><strong>hac</strong></span> <span class='ocrx_word' id='word_1_265' title='bbox 660 3481 764 3542; x_wconf 90' lang='lat' dir='ltr'><strong>omnia</strong></span> <span class='ocrx_word' id='word_1_266' title='bbox 787 3501 824 3542; x_wconf 88' lang='lat' dir='ltr'><strong>ao</strong></span> <span class='ocrx_word' id='word_1_267' title='bbox 838 3481 961 3558; x_wconf 91' lang='lat' dir='ltr'><strong>redire,</strong></span> <span class='ocrx_word' id='word_1_268' title='bbox 989 3491 1023 3544; x_wconf 90' lang='lat' dir='ltr'><strong>ut</strong></span> <span class='ocrx_word' id='word_1_269' title='bbox 1043 3483 1137 3562; x_wconf 83' lang='lat' dir='ltr'><strong>falsa,</strong></span> <span class='ocrx_word' id='word_1_270' title='bbox 1157 3507 1236 3568; x_wconf 88' lang='lat' dir='ltr'><strong>quae</strong></span> <span class='ocrx_word' id='word_1_271' title='bbox 1257 3497 1332 3552; x_wconf 92' lang='lat' dir='ltr'><strong>tunc</strong></span> <span class='ocrx_word' id='word_1_272' title='bbox 1351 3509 1428 3572; x_wconf 87' lang='lat' dir='ltr'><strong>per-</strong></span> 
     </span>
     <span class='ocr_line' id='line_1_33' title="bbox 295 3575 1427 3660; baseline 0.009 -22"><span class='ocrx_word' id='word_1_273' title='bbox 295 3576 509 3651; x_wconf 87' lang='lat' dir='ltr'><strong>crebruerint,</strong></span> <span class='ocrx_word' id='word_1_274' title='bbox 539 3576 578 3639; x_wconf 90' lang='lat' dir='ltr'><strong>de</strong></span> <span class='ocrx_word' id='word_1_275' title='bbox 599 3575 684 3660; x_wconf 78' lang='lat' dir='ltr'><strong>potiri</strong></span> <span class='ocrx_word' id='word_1_276' title='bbox 706 3575 818 3638; x_wconf 89' lang='lat' dir='ltr'><strong>iudicia</strong></span> <span class='ocrx_word' id='word_1_277' title='bbox 838 3577 943 3651; x_wconf 85' lang='lat' dir='ltr'><strong>(atde</strong></span> <span class='ocrx_word' id='word_1_278' title='bbox 964 3586 1030 3640; x_wconf 90' lang='lat' dir='ltr'><strong>arte</strong></span> <span class='ocrx_word' id='word_1_279' title='bbox 1051 3578 1206 3643; x_wconf 87' lang='lat' dir='ltr'><strong>rhetorica</strong></span> <span class='ocrx_word' id='word_1_280' title='bbox 1228 3583 1260 3644; x_wconf 90' lang='lat' dir='ltr'><strong>in</strong></span> <span class='ocrx_word' id='word_1_281' title='bbox 1284 3583 1427 3648; x_wconf 87' lang='lat' dir='ltr'><strong>Platonis</strong></span> 
     </span>
     <span class='ocr_line' id='line_1_34' title="bbox 292 3671 1427 3756; baseline 0.007 -20"><span class='ocrx_word' id='word_1_282' title='bbox 292 3672 472 3748; x_wconf 89' lang='lat' dir='ltr'><strong>Phaedro),</strong></span> <span class='ocrx_word' id='word_1_283' title='bbox 501 3671 593 3735; x_wconf 89' lang='lat' dir='ltr'><strong>modo</strong></span> <span class='ocrx_word' id='word_1_284' title='bbox 616 3671 771 3747; x_wconf 91' lang='lat' dir='ltr'><strong>iucundo,</strong></span> <span class='ocrx_word' id='word_1_285' title='bbox 794 3673 887 3734; x_wconf 80' lang='lat' dir='ltr'><strong>rrsodo</strong></span> <span class='ocrx_word' id='word_1_286' title='bbox 908 3674 989 3735; x_wconf 87' lang='lat' dir='ltr'><strong>serio</strong></span> <span class='ocrx_word' id='word_1_287' title='bbox 1010 3673 1151 3737; x_wconf 90' lang='lat' dir='ltr'><strong>docendo</strong></span> <span class='ocrx_word' id='word_1_288' title='bbox 1171 3677 1364 3756; x_wconf 79' lang='lat' dir='ltr'><strong>refellantur,</strong></span> <span class='ocrx_word' id='word_1_289' title='bbox 1390 3691 1427 3745; x_wconf 90' lang='lat' dir='ltr'><strong>ct</strong></span> 
     </span>
     <span class='ocr_line' id='line_1_35' title="bbox 293 3767 1499 3856; baseline 0.009 -28"><span class='ocrx_word' id='word_1_290' title='bbox 293 3768 540 3850; x_wconf 81' lang='lat' dir='ltr'><strong>perstringantur</strong></span> <span class='ocrx_word' id='word_1_291' title='bbox 561 3775 626 3828; x_wconf 90' lang='lat' dir='ltr'><strong>tum</strong></span> <span class='ocrx_word' id='word_1_292' title='bbox 649 3773 780 3850; x_wconf 69' lang='lat' dir='ltr'><strong>poetae,</strong></span> <span class='ocrx_word' id='word_1_293' title='bbox 800 3768 866 3829; x_wconf 88' lang='lat' dir='ltr'><strong>sine</strong></span> <span class='ocrx_word' id='word_1_294' title='bbox 889 3767 1014 3852; x_wconf 83' lang='lat' dir='ltr'><strong>ingenio</strong></span> <span class='ocrx_word' id='word_1_295' title='bbox 1035 3779 1066 3832; x_wconf 91' lang='lat' dir='ltr'><strong>et</strong></span> <span class='ocrx_word' id='word_1_296' title='bbox 1090 3769 1229 3834; x_wconf 88' lang='lat' dir='ltr'><strong>doctrina</strong></span> <span class='ocrx_word' id='word_1_297' title='bbox 1249 3775 1355 3856; x_wconf 64' lang='lat' dir='ltr'><strong>poesin</strong></span> <span class='ocrx_word' id='word_1_298' title='bbox 1370 3785 1424 3838; x_wconf 90' lang='lat' dir='ltr'><strong>at·</strong></span> <span class='ocrx_word' id='word_1_299' title='bbox 1497 3781 1499 3784; x_wconf 79' lang='grc'><strong>’</strong></span> 
     </span>
     <span class='ocr_line' id='line_1_36' title="bbox 294 3863 1425 3947; baseline 0.012 -26"><span class='ocrx_word' id='word_1_300' title='bbox 294 3864 469 3947; x_wconf 79' lang='lat' dir='ltr'><strong>tingentes,</strong></span> <span class='ocrx_word' id='word_1_301' title='bbox 494 3875 559 3925; x_wconf 88' lang='lat' dir='ltr'><strong>tum</strong></span> <span class='ocrx_word' id='word_1_302' title='bbox 581 3863 652 3924; x_wconf 85' lang='lat' dir='ltr'><strong>vani</strong></span> <span class='ocrx_word' id='word_1_303' title='bbox 665 3884 774 3926; x_wconf 89' lang='lat' dir='ltr'><strong>eorum</strong></span> <span class='ocrx_word' id='word_1_304' title='bbox 797 3863 992 3942; x_wconf 87' lang='lat' dir='ltr'><strong>laudatores;</strong></span> <span class='ocrx_word' id='word_1_305' title='bbox 1021 3874 1124 3931; x_wconf 87' lang='lat' dir='ltr'><strong>cetera</strong></span> <span class='ocrx_word' id='word_1_306' title='bbox 1144 3889 1218 3933; x_wconf 80' lang='lat' dir='ltr'><strong>vero</strong></span> <span class='ocrx_word' id='word_1_307' title='bbox 1239 3869 1286 3934; x_wconf 89' lang='lat' dir='ltr'><strong>bis</strong></span> <span class='ocrx_word' id='word_1_308' title='bbox 1307 3870 1425 3935; x_wconf 81' lang='lat' dir='ltr'><strong>inserta</strong></span> 
     </span>
     <span class='ocr_line' id='line_1_37' title="bbox 293 3961 686 4046; baseline 0 -24"><span class='ocrx_word' id='word_1_309' title='bbox 293 3983 357 4024; x_wconf 92' lang='lat' dir='ltr'><strong>non</strong></span> <span class='ocrx_word' id='word_1_310' title='bbox 378 3963 436 4023; x_wconf 91' lang='lat' dir='ltr'><strong>nisi</strong></span> <span class='ocrx_word' id='word_1_311' title='bbox 457 3961 592 4046; x_wconf 89' lang='lat' dir='ltr'><strong>cpisodia</strong></span> <span class='ocrx_word' id='word_1_312' title='bbox 613 3982 686 4024; x_wconf 87' lang='lat' dir='ltr'><strong>esse.</strong></span> 
     </span>
    </p>

    <p class='ocr_par' dir='ltr' id='par_1_7' title="bbox 293 4049 1510 4546">
     <span class='ocr_line' id='line_1_38' title="bbox 334 4049 1423 4151; baseline 0.011 -33"><span class='ocrx_word' id='word_1_313' title='bbox 334 4059 459 4119; x_wconf 87' lang='lat' dir='ltr'><strong>Praeter</strong></span> <span class='ocrx_word' id='word_1_314' title='bbox 477 4049 672 4123; x_wconf 73' lang='lat' dir='ltr'><strong>aromaticae</strong></span> <span class='ocrx_word' id='word_1_315' title='bbox 683 4059 911 4144; x_wconf 86' lang='lat' dir='ltr'><strong>compositionis</strong></span> <span class='ocrx_word' id='word_1_316' title='bbox 925 4060 1089 4125; x_wconf 87' lang='lat' dir='ltr'><strong>artificium</strong></span> <span class='ocrx_word' id='word_1_317' title='bbox 1104 4062 1194 4125; x_wconf 91' lang='lat' dir='ltr'><strong>etiam</strong></span> <span class='ocrx_word' id='word_1_318' title='bbox 1209 4064 1312 4144; x_wconf 88' lang='lat' dir='ltr'><strong>uliud,</strong></span> <span class='ocrx_word' id='word_1_319' title='bbox 1327 4065 1423 4151; x_wconf 90' lang='lat' dir='ltr'><strong>idque</strong></span> 
     </span>
     <span class='ocr_line' id='line_1_39' title="bbox 293 4154 1424 4244; baseline 0.012 -32"><span class='ocrx_word' id='word_1_320' title='bbox 293 4171 358 4213; x_wconf 91' lang='lat' dir='ltr'><strong>nou</strong></span> <span class='ocrx_word' id='word_1_321' title='bbox 380 4155 479 4215; x_wconf 88' lang='lat' dir='ltr'><strong>minus</strong></span> <span class='ocrx_word' id='word_1_322' title='bbox 500 4154 693 4237; x_wconf 81' lang='lat' dir='ltr'><strong>ingeniosum</strong></span> <span class='ocrx_word' id='word_1_323' title='bbox 713 4165 911 4241; x_wconf 82' lang='lat' dir='ltr'><strong>gratumque,</strong></span> <span class='ocrx_word' id='word_1_324' title='bbox 932 4156 1059 4220; x_wconf 88' lang='lat' dir='ltr'><strong>Horatio</strong></span> <span class='ocrx_word' id='word_1_325' title='bbox 1081 4181 1177 4244; x_wconf 91' lang='lat' dir='ltr'><strong>paene</strong></span> <span class='ocrx_word' id='word_1_326' title='bbox 1199 4163 1360 4244; x_wconf 91' lang='lat' dir='ltr'><strong>proprium</strong></span> <span class='ocrx_word' id='word_1_327' title='bbox 1375 4172 1424 4226; x_wconf 87' lang='lat' dir='ltr'><strong>est</strong></span> 
     </span>
     <span class='ocr_line' id='line_1_40' title="bbox 294 4247 1422 4342; baseline 0.012 -34"><span class='ocrx_word' id='word_1_328' title='bbox 294 4247 326 4308; x_wconf 91' lang='lat' dir='ltr'><strong>in</strong></span> <span class='ocrx_word' id='word_1_329' title='bbox 358 4267 462 4309; x_wconf 89' lang='lat' dir='ltr'><strong>rernm</strong></span> <span class='ocrx_word' id='word_1_330' title='bbox 494 4249 670 4314; x_wconf 79' lang='lat' dir='ltr'><strong>inventione</strong></span> <span class='ocrx_word' id='word_1_331' title='bbox 702 4273 737 4314; x_wconf 90' lang='lat' dir='ltr'><strong>ac</strong></span> <span class='ocrx_word' id='word_1_332' title='bbox 767 4253 983 4335; x_wconf 86' lang='lat' dir='ltr'><strong>dispositione,</strong></span> <span class='ocrx_word' id='word_1_333' title='bbox 1011 4255 1067 4318; x_wconf 86' lang='lat' dir='ltr'><strong>etsi</strong></span> <span class='ocrx_word' id='word_1_334' title='bbox 1095 4257 1189 4340; x_wconf 81' lang='lat' dir='ltr'><strong>magis</strong></span> <span class='ocrx_word' id='word_1_335' title='bbox 1210 4258 1422 4342; x_wconf 77' lang='lat' dir='ltr'><strong>negligentia,</strong></span> 
     </span>
     <span class='ocr_line' id='line_1_41' title="bbox 294 4347 1422 4434; baseline 0.014 -33"><span class='ocrx_word' id='word_1_336' title='bbox 294 4363 385 4427; x_wconf 89' lang='lat' dir='ltr'><strong>quarn</strong></span> <span class='ocrx_word' id='word_1_337' title='bbox 418 4365 465 4406; x_wconf 88' lang='lat' dir='ltr'><strong>ars</strong></span> <span class='ocrx_word' id='word_1_338' title='bbox 496 4367 558 4412; x_wconf 84' lang='lat' dir='ltr'><strong>asse</strong></span> <span class='ocrx_word' id='word_1_339' title='bbox 588 4347 737 4411; x_wconf 83' lang='lat' dir='ltr'><strong>rideatur.</strong></span> <span class='ocrx_word' id='word_1_340' title='bbox 759 4348 945 4434; x_wconf 88' lang='lat' dir='ltr'><strong>Plerumque</strong></span> <span class='ocrx_word' id='word_1_341' title='bbox 965 4350 1046 4412; x_wconf 89' lang='lat' dir='ltr'><strong>enim</strong></span> <span class='ocrx_word' id='word_1_342' title='bbox 1068 4351 1177 4414; x_wconf 88' lang='lat' dir='ltr'><strong>idonea</strong></span> <span class='ocrx_word' id='word_1_343' title='bbox 1199 4355 1380 4432; x_wconf 87' lang='lat' dir='ltr'><strong>occasione,</strong></span> <span class='ocrx_word' id='word_1_344' title='bbox 1400 4376 1422 4417; x_wconf 89' lang='lat' dir='ltr'><strong>a</strong></span> 
     </span>
     <span class='ocr_line' id='line_1_42' title="bbox 295 4442 1510 4546; baseline 0.011 -40"><span class='ocrx_word' id='word_1_345' title='bbox 295 4448 434 4530; x_wconf 76' lang='lat' dir='ltr'><strong>tempore</strong></span> <span class='ocrx_word' id='word_1_346' title='bbox 452 4442 575 4536; x_wconf 84' lang='lat' dir='ltr'><strong>aliquo,</strong></span> <span class='ocrx_word' id='word_1_347' title='bbox 590 4443 639 4514; x_wconf 81' lang='lat' dir='ltr'><strong>rel</strong></span> <span class='ocrx_word' id='word_1_348' title='bbox 659 4443 750 4528; x_wconf 85' lang='lat' dir='ltr'><strong>loco,</strong></span> <span class='ocrx_word' id='word_1_349' title='bbox 773 4446 821 4512; x_wconf 84' lang='lat' dir='ltr'><strong>rel</strong></span> <span class='ocrx_word' id='word_1_350' title='bbox 841 4447 999 4536; x_wconf 83' lang='lat' dir='ltr'><strong>personis,</strong></span> <span class='ocrx_word' id='word_1_351' title='bbox 1012 4446 1151 4519; x_wconf 82' lang='lat' dir='ltr'><strong>relcura</strong></span> <span class='ocrx_word' id='word_1_352' title='bbox 1165 4451 1420 4546; x_wconf 70' lang='lat' dir='ltr'><strong>recogitatione,</strong></span> <span class='ocrx_word' id='word_1_353' title='bbox 1509 4533 1510 4538; x_wconf 5' lang='grc' dir='ltr'>ἵ</span> 
     </span>
    </p>
   </div>
   <div class='ocr_carea' id='block_1_7' title="bbox 0 0 1518 5492">
    <p class='ocr_par' dir='ltr' id='par_1_8' title="bbox 0 0 1518 5492">
     <span class='ocr_line' id='line_1_43' title="bbox 0 0 1518 5492; baseline 0 1"><span class='ocrx_word' id='word_1_354' title='bbox 0 0 1518 5492; x_wconf 95' lang='lat' dir='ltr'><strong> </strong></span> 
     </span>
    </p>
   </div>
  </div>
 </body>
</html>
