3120 5494
570 415 717 476 sarias
735 385 779 478 ⁵1.
1144 393 1235 486 353
1272 493 1274 518 p

119 613 392 714 Linquere-nee
402 611 593 698 §combros
605 619 811 690 metuentia
824 623 990 696 carmine
1000 645 1071 696 neo
1080 622 1238 700 thoul-

117 729 296 830 Quisquis
314 754 373 818 es,
393 756 416 802 ο
435 729 546 805 modo
564 757 679 833 quem
697 759 740 806 ex
762 733 918 811 adverso
939 736 1179 828 dicereseoi,

117 845 205 918 Non
224 860 317 944 ego,
336 856 454 945 quum
474 845 619 936 ¹scribo,
639 849 668 920 si
689 847 788 922 forte
808 851 902 952 quid
920 855 1042 955 aptius
1060 859 1160 946 exit,
1204 893 1237 942 45
1338 887 1344 901 ·

68 947 71 958 ¹
117 955 298 1058 (Quando
316 959 409 1036 haec
421 988 508 1034 ‘rura
526 963 602 1054 avis
622 962 694 1064 est)
705 967 735 1038 si
757 965 850 1066 quid
870 984 994 1042 tamen
1005 973 1128 1074 aptius
1148 976 1238 1064 esis,

115 1072 280 1147 Laudari
300 1091 484 1180 metuam:
503 1079 739 1180 nequeenim
755 1082 844 1154 milri
862 1106 1000 1158 cornea
1015 1084 1111 1161 fibra
1132 1105 1210 1162 est:

114 1185 192 1260 Sed
209 1186 512 1290 recti-finemque
530 1207 814 1296 extremumque
834 1221 914 1272 esse
932 1223 1066 1302 recuso

114 1303 219 1377 Enen
240 1321 346 1377 tuum
367 1319 405 1377 et
419 1331 537 1404 annun.
553 1333 639 1380 nam
659 1335 767 1382 nasas
788 1309 860 1385 hoe
879 1331 1012 1388 excute
1031 1331 1175 1394 totum:

115 1421 217 1514 Quid
236 1441 315 1496 non
333 1425 435 1501 intus
453 1420 597 1498 habet?
615 1407 697 1499 ¹nsua
715 1425 777 1500 hie
797 1445 853 1504 est
869 1428 956 1506 Ilias
974 1435 1064 1509 Acci
1203 1469 1236 1521 sa

114 1538 232 1611 Ebria
251 1538 432 1614 veratro?
453 1563 532 1614 non
552 1543 580 1614 si
601 1569 678 1644 qua
696 1541 855 1645 elegidia
874 1544 984 1620 crudi

114 1651 317 1728 Dictaeum
334 1657 542 1760 proceres?
561 1683 641 1732 non
658 1657 847 1762 quidquid
867 1659 1034 1764 denique
1052 1661 1174 1740 leotis‘

149 1865 193 1912 43.
211 1856 327 1930 Seonrler
343 1857 419 1927 piscis
441 1859 565 1915 marinus.
584 1862 648 1912 sen·
702 1859 845 1914 audiendas
885 1880 940 1916 esse
970 1862 1113 1920 condenda.
1152 1851 1238 1920 ‘raam

117 1960 174 1993 sus:
192 1943 307 1994 carmina
331 1940 494 2010 relinquere,
516 1941 548 1994 de
561 1942 663 2012 quibus.
703 1943 789 2004 Banna
802 1945 947 1998 haerente
962 1958 1048 2000 tenua.
1071 1949 1172 2004 Esau
1186 1951 1237 2002 lor·

115 2043 170 2078 non
184 2035 238 2087 est.
255 2024 323 2093 quod
343 2037 456 2090 metuas,
475 2043 507 2090 ne
524 2023 556 2076 ad
571 2024 661 2084 salsa·¹
704 2026 755 2090 llus
768 2026 991 2097 qssama‘explora.
1009 2029 1081 2080 Bella
1093 2031 1141 2082 lane
1152 2045 1237 2084 tetrum

115 2111 256 2163 anentarios
270 2117 296 2160 et
310 2105 438 2160 dietarios
456 2108 618 2162 deserantur.
703 2128 763 2178 pro:
784 2110 840 2162 vitn
858 2121 1020 2164 striatarum
1040 2116 1085 2165 τοῦ
1103 2115 1194 2180 Belle,
1208 2133 1240 2166 ex

148 2197 267 2254 'at-57..
278 2191 332 2242 lam
347 2200 445 2242 remota
463 2190 545 2244 ironia
563 2193 655 2244 Noster
704 2201 792 2246 urente
806 2210 899 2262 nempe
909 2211 1016 2264 eorum,
1028 2197 1074 2266 qui
1088 2195 1155 2250 illud
1165 2196 1238 2249 adhi-

117 2285 234 2326 snenlern
250 2291 325 2328 suam
339 2272 486 2327 adversario
498 2273 614 2344 exponit:
628 2292 655 2328 se
704 2273 777 2328 hut.

118 2356 200 2410 laudis
218 2355 325 2426 quidem
347 2355 463 2410 studium
476 2373 529 2408 nou
546 2357 655 2412 omnino
739 2363 780 2412 alls
800 2360 870 2429 Quid
883 2379 932 2414 non
945 2365 1014 2416 intus
1026 2362 1116 2414 tatu?
1130 2371 1187 2431 apte
1205 2361 1237 2414 ad

118 2440 284 2510 improbare,
306 2439 351 2494 sed
364 2458 474 2510 negare,
492 2439 607 2494 earmina
622 2440 655 2493 ad
704 2439 768 2494 illud
786 2443 856 2511 prius
882 2456 967 2498 exem
992 2463 1152 2514 expressum,
1174 2463 1236 2515 pro:

119 2522 296 2576 auressaeculi
310 2535 446 2594 conruptas
460 2543 513 2578 esse
523 2524 656 2596 exigenda,
705 2524 738 2580 ad
756 2543 822 2594 quae
840 2525 946 2594 scripta,
974 2545 1056 2596 quum
1081 2525 1238 2590 recitentur,

122 2609 385 2680 adprobationemque
410 2608 565 2676 hominum,
589 2629 656 2680 quae
706 2604 779 2661 illam
803 2605 1020 2661 exclamationem
1043 2607 1173 2662 auditores
1186 2626 1240 2662 non

120 2692 206 2762 epulis
220 2691 325 2762 aliisque
336 2691 496 2746 munusculis
509 2703 594 2764 empta
607 2694 657 2760 sit,
706 2689 851 2754 adhihent?
872 2709 960 2742 nonne
978 2691 1010 2745 ad
1032 2690 1199 2744 insulsissima
1215 2703 1242 2744 et

119 2795 215 2828 vanarn
230 2794 290 2828 esse.
307 2779 375 2828 Bene
386 2777 483 2830 Seneca
501 2779 582 2846 Epist.
599 2781 656 2830 402.
706 2771 866 2844 ineptissima
886 2779 1023 2841 quaeque?
1043 2777 1098 2828 Hoc
1115 2775 1241 2843 posterius

120 2859 286 2924 observavit,
303 2857 368 2910 nihil
381 2877 410 2910 ae
485 2858 657 2928 eloquentiam
706 2855 734 2906 in
746 2854 912 2926 sequentihus
921 2874 968 2926 per
977 2855 1072 2926 speeies
1081 2874 1240 2925 expressum.

121 2951 148 2992 et
164 2957 243 2992 omne
260 2937 331 2992 aliud
345 2871 478 3004 studiu',
495 2941 600 2994 auribus
613 2940 657 2992 de·
741 2943 849 2992 50-53.
869 2957 920 2991 nura
941 2939 983 2990 lu'e
996 2957 1059 3008 pro:
1080 2957 1134 2992 non
1150 2937 1178 2990 in
1195 2939 1242 2992 illo

123 3024 225 3086 ditum,
253 3023 370 3088 vitiasse,
401 3041 481 3094 quarn
505 3023 658 3098 popularem
707 3023 794 3087 Belle,
811 3033 837 3076 et
853 3021 902 3074 hoc
918 3041 980 3092 pro:
998 3024 1244 3078 nonneesclamant

128 3107 319 3162 adsensionem.
446 3157 453 3172 ,
708 3107 796 3158 Belle!
813 3123 896 3176 quum
907 3107 1028 3160 recitatur
1036 3115 1084 3160 cet.
1096 3108 1160 3159 Ilias
1167 3107 1243 3160 Aut.

159 3197 202 3242 at.
228 3209 259 3242 ex
275 3191 380 3242 adverso
406 3190 489 3242 dicere
502 3191 574 3262 sees',
595 3191 612 3242 i.
636 3207 659 3242 e.
709 3191 749 3242 De
766 3189 847 3242 Accio
862 3208 937 3259 supra
958 3209 981 3242 v.
995 3197 1021 3261 4,
1041 3193 1109 3244 ebria
1132 3204 1245 3247 veruto.

51 3315 53 3320 ,
125 3271 300 3326 adversarium
318 3273 383 3324 mihi
396 3272 528 3332 constitui,
710 3274 877 3328 Casauhonus
887 3275 937 3342 hoc¹
949 3275 984 3328 ita
995 3275 1111 3346 explicat:
1125 3276 1246 3346 adquam

160 3364 204 3412 45.
219 3363 287 3421 exit,
309 3356 456 3426 perficitur,
472 3375 487 3409 e
507 3377 535 3410 re
561 3355 660 3428 figlina.
712 3355 823 3420 {lisdem
836 3357 999 3410 scribendam
1012 3357 1184 3428 desinauulta
1196 3377 1247 3430 po·

108 3468 113 3483 ι
126 3447 215 3502 Horat.
233 3444 260 3494 ia
272 3452 326 3498 arte
338 3448 372 3494 at
382 3460 434 3511 seq.
711 3441 782 3494 tione
794 3439 922 3492 hellebori
938 3460 1002 3511 opus
1015 3441 1073 3495 suis.
1102 3443 1155 3496 Sed
1169 3441 1248 3497 aliana
1308 3445 1310 3449 ’

162 3533 204 3578 46.
221 3511 279 3580 rura
298 3527 367 3588 avis,
392 3523 520 3594 phoenix,
544 3543 591 3594 pro
614 3543 662 3588 eo,
711 3526 839 3576 rationem
866 3523 933 3576 inire
946 3524 1041 3594 possis,
1062 3525 1167 3596 iugenio
1180 3527 1244 3578 Per·

128 3611 198 3682 qnod
215 3629 274 3663 raro
291 3609 401 3680 contigit
417 3608 514 3660 videre.
713 3604 758 3672 sii,
787 3605 815 3656 ni
851 3604 939 3684 sallat,
974 3606 1247 3662 adcommodatiorem.

163 3701 206 3746 47.
226 3704 333 3746 metrum
353 3688 446 3742 lortius
466 3707 561 3760 quam:
586 3705 661 3740 meu·
714 3690 805 3759 Quum
815 3687 989 3759 dicitNoster‚
1002 3707 1107 3761 carruca
1116 3689 1248 3744 helleboro

130 3795 195 3830 sem.
209 3793 299 3827 eortina
307 3775 391 3844 fibra,
407 3771 425 3826 i.
438 3790 461 3824 e.
481 3789 570 3824 sensus
584 3771 661 3822 obtu-
715 3771 818 3838 elisium
837 3791 907 3838 esse,
927 3771 976 3825 hoe
995 3772 1080 3826 dicere
1099 3773 1169 3842 vult,
1184 3777 1249 3841 poi·

131 3847 190 3920 sus,
204 3857 339 3925 stupidus,
361 3854 406 3922 qui
422 3851 493 3904 nulla
507 3869 555 3904 nec
571 3851 662 3904 iucun-
716 3865 784 3921 tarn,
802 3874 883 3924 quum
896 3855 1017 3908 scriberet
1031 3873 1150 3922 carmen,
1167 3855 1249 3908 helle·

132 3939 211 3992 ditate
228 3957 276 3990 nec
290 3935 423 4008 asperitate
436 3944 565 3988 movetur.
717 3937 781 3990 bono
789 3937 892 3990 ebrium
901 3936 993 4006 suisse5
1015 3937 1051 3990 sie
1062 3947 1100 3990 est
1110 3937 1177 4007 apud
1190 3940 1252 3994 Seu.

168 4029 210 4076 48.
224 4027 264 4078 49.
281 4025 392 4074 Sensus:
407 4036 489 4088 nego,
506 4029 535 4071 ut
552 4017 666 4088 philoso-
718 4023 800 4092 Eplst.
823 4028 863 4076 49.
876 4041 957 4076 sumo
975 4023 1064 4076 ebrius.
1088 4025 1126 4076 Ex
1138 4020 1204 4076 Plin.
1218 4025 1251 4074 Η.

132 4109 178 4181 phi
192 4126 284 4162 omnes
298 4106 409 4160 actiones
425 4103 458 4156 ad
474 4121 605 4156 summum
623 4103 667 4156 bo-
718 4105 751 4158 N.
766 4105 853 4172 XXV,
870 4111 912 4157 at.
929 4107 1036 4168 seimus,
1055 4106 1158 4176 nigrum
1172 4104 1252 4158 helle·

135 4213 202 4248 rrum
231 4191 404 4247 obtinendum
433 4187 582 4260 dirigendas
613 4206 667 4240 esse
719 4187 1253 4258 borum,candidovehemeutius,optime

135 4277 314 4340 contendunt,
335 4274 371 4327 ita
387 4272 500 4326 earmina
526 4273 559 4324 ad
582 4271 665 4324 escla-
720 4271 747 4324 iu
759 4270 881 4324 Helicone
891 4281 980 4326 monte
991 4272 1149 4342 provenisse.
1161 4273 1254 4328 Noster

136 4361 263 4418 arationes
286 4358 433 4432 auditorum
460 4356 551 4432 Euge!
579 4353 670 4408 Belle!
720 4355 800 4428 igitur
814 4354 931 4410 furorem
944 4353 1005 4408 Aeci
1019 4355 1147 4426 pollicum
1159 4373 1255 4410 nones

242 4501 318 4574 lvv.
340 4498 369 4571 Ι.
680 4587 683 4595 1
1123 4499 1160 4570 Ζ
