3120 5494
458 433 470 444 “
544 438 695 494 atttttt
731 437 791 495 lll.
936 439 938 450 '

1119 403 1215 527 395

93 635 253 725 Dicere,
271 661 350 712 non
369 661 462 710 sano
483 635 643 712 multum
662 635 854 712 laudanda
874 641 1075 740 magistro,
1163 647 1167 655 '

93 753 200 845 Quae
221 767 330 854 pater
349 750 521 848 adductis
540 752 681 828 sudans
698 752 851 828 audiret
871 757 1012 830 amicis.

93 865 205 942 Iure:
226 867 366 940 etenim
385 866 426 940 id
444 893 651 960 summurn,
669 868 765 972 quid
785 869 921 944 dexter
938 870 1052 944 senio'
1069 867 1212 958 ferret,

95 983 200 1056 Scire
221 1002 303 1058 erat
322 985 362 1058 in
380 1001 489 1060 voto:
510 983 688 1061 damnosa
708 983 883 1060 canicula
900 1003 1087 1089 quantum

96 1095 286 1172 lladeret:
307 1115 488 1207 angustae
507 1097 608 1174 collo
629 1126 708 1174 non
725 1099 852 1175 fallier
868 1125 1004 1175 ornae:
1198 1137 1231 1184 ιο

102 1307 151 1351 est.
177 1297 314 1368 Legendus
334 1307 372 1350 eat
396 1299 506 1367 Quintil.
532 1301 641 1365 luetll,

103 1390 129 1434 t.
149 1379 264 1434 Grandia
282 1383 355 1434 verda
375 1383 478 1435 Cannis
493 1386 605 1436 neoritru'i
623 1385 640 1436 i.

104 1484 128 1518 e.
142 1465 288 1517 orationem
302 1465 406 1518 Catonia
418 1467 504 1520 verbio
518 1466 633 1520 sublimi·

102 1549 151 1602 bue
175 1546 344 1613 elaboratam,
364 1547 393 1600 in
413 1567 464 1620 qua
479 1548 639 1602 deliberabat

106 1634 189 1694 Cato,
205 1640 294 1684 utrum
312 1641 423 1684 mortem
439 1631 488 1685 eibi
499 1632 641 1686 consolare·

106 1727 164 1779 ret,
178 1735 212 1767 ιιι
224 1715 377 1770 servitutem
399 1727 536 1786 peteretur.
553 1720 644 1770 Senee.

107 1797 190 1868 Epist.
201 1803 242 1851 tt.
258 1801 379 1850 Ceterum
396 1803 536 1870 profiteor,
555 1801 644 1872 vulga·

109 1893 165 1934 tam
178 1879 315 1934 lectionem
340 1888 459 1935 neorittno
477 1881 567 1936 Catoni
582 1883 646 1936 milri

109 1965 195 2034 magia
210 1963 337 2017 adridere.
359 1964 485 2018 Maiorem
505 1967 559 2018 vim
582 1966 607 2019 b.
629 1964 646 2016 Ι.

109 2050 195 2102 inesse
206 2048 379 2118 uuusquisque
393 2050 502 2114 sentiet,
518 2050 539 2103 ai
553 2067 647 2120 pueru-

111 2135 168 2189 lum
181 2133 274 2202 cogitet
288 2131 414 2184 insontem
423 2134 514 2185 Catoni
528 2133 648 2196 suadere,

114 2215 175 2286 qnid
188 2216 212 2267 ei
224 2215 372 2268 laciendum
384 2220 425 2270 ait.
447 2219 475 2268 ln
488 2217 536 2270 boe
553 2235 648 2286 genere

113 2299 241 2353 orationis
262 2300 395 2353 auaeoriali
413 2299 486 2369 pueri
512 2302 540 2353 in
557 2299 650 2352 scholia

114 2392 178 2436 tune
198 2382 273 2436 valde
296 2385 480 2437 exercebantur
495 2382 610 2437 luvenal.
628 2385 648 2448 l,

116 2477 158 2524 t6.

148 2560 190 2608 46.
204 2573 253 2608 non
264 2573 325 2606 ιιιιο
339 2555 441 2607 inultm
453 2554 582 2606 tanam
596 2571 648 2607 ιιιιι·

113 2643 202 2708 gimo.
229 2639 342 2690 Praestat
359 2657 410 2692 non
433 2655 491 2690 euin
512 2657 572 2690 ιιιιο
587 2637 646 2690 ittu-

112 2739 188 2793 επις
205 2733 233 2776 ιιι
250 2721 282 2774 ait
303 2741 348 2791 pro
369 2725 472 2792 ιιιιιυιο,
497 2737 649 2789 quamtum

113 2809 227 2858 ιιιιιιιιιιιι.
252 2808 357 2858 lneanue
372 2815 426 2857 erat
438 2805 578 2875 magister,
605 2804 651 2880 qui

113 2891 176 2942 talia
205 2899 356 2961 proponeret
381 2890 483 2960 poeria,
510 2889 651 2960 iudiciique

113 2976 265 3044 pravitatem
292 2972 518 3040 adulationemque
537 2976 565 3024 in
591 2972 645 3026 lau·

112 3059 200 3110 dando
213 3058 376 3124 ostenderet,
385 3059 506 3109 Ceterum
520 3075 650 3126 gramma.

112 3143 176 3194 ticoa
199 3141 342 3212 Magistros
366 3151 392 3194 et
417 3139 574 3211 Prcffeeaoree
597 3157 652 3192 erae

114 3221 277 3292 adpellatoa,
303 3222 445 3274 doeuamnt
467 3221 577 3290 interpp.
601 3223 648 3274 Pe·

114 3320 186 3362 trun.
206 3313 247 3362 55.

151 3399 194 3446 47.
209 3391 324 3444 adductio
336 3397 364 3441 ιιι
381 3386 491 3440 filiolum
511 3388 589 3440 rerba
610 3389 648 3442 sa·

115 3475 228 3528 cientem
250 3473 368 3525 audirent
384 3472 490 3539 eiusque
507 3469 652 3524 doctrinam

114 3558 314 3610 admirarentur.
343 3552 453 3622 Quintil.
478 3557 511 3617 ll,
534 3560 558 3606 7.
576 3555 612 3620 X,
626 3559 652 3608 ⁵.

114 3644 207 3696 eadmer
225 3640 349 3710 ἁγινιῶν,
371 3637 403 3689 de
428 3647 523 3688 eventu
549 3637 650 3692 attalus.

116 3725 231 3778 vberius
250 3741 307 3778 rem
326 3721 448 3792 eaprertit
469 3720 566 3776 Statim
587 3721 653 3790 bito,

118 3813 154 3866 V.
167 3818 191 3864 3.
204 3815 253 3862 215
268 3829 341 3880 seqq.

154 3900 198 3948 48.
213 3894 284 3946 leue:
304 3890 489 3944 convenienter
505 3890 579 3942 annis
591 3909 652 3960 pue·

119 3976 221 4030 rilibua.
243 3976 347 4030 Etenim
364 3993 444 4045 «quum
462 3985 531 4029 aetas
550 3974 655 4043 pueritie

121 4061 265 4116 adsummi
286 4059 346 4114 boni
369 4059 503 4114 notionem
518 4069 543 4111 at
556 4057 652 4112 intelli·

121 4147 238 4214 gentiam
258 4162 285 4196 ae
303 4143 403 4213 erigere
418 4161 471 4194 non
484 4141 585 4216 possit,
607 4141 653 4194 ba·

122 4227 234 4298 beatque
258 4238 346 4282 tamen
369 4225 474 4294 aliquod
498 4225 657 4295 propositum

123 4331 170 4382 pro
182 4312 280 4382 ingenii
300 4310 480 4372 facultatibue,
493 4309 560 4380 qnod
580 4328 654 4363 auur·

124 4415 200 4452 mum
222 4398 321 4452 botrum
343 4395 485 4451 existimet:
504 4395 560 4448 iure
579 4397 658 4466 igitur

692 1300 764 1370 quasi
789 1319 835 1352 eno
854 1295 959 1352 videtur
985 1318 1079 1371 agere,
1103 1317 1186 1370 quum
1203 1300 1231 1352 id

693 1395 841 1437 constanter
857 1393 977 1440 sectatur.
992 1387 1029 1436 Ea
1044 1391 1145 1449 autem,
1162 1399 1228 1452 quae

692 1469 766 1539 pueri
782 1476 938 1536 ιιιιιιιιιιιιι,
951 1469 979 1520 in
996 1466 1089 1535 quibus
1102 1465 1229 1519 excellere

698 1550 841 1622 gloriosum
853 1559 957 1621 putant,
969 1548 1024 1602 ludi
1035 1559 1111 1613 aunt,
1121 1567 1232 1618 quorum

694 1651 788 1705 genere
801 1635 938 1705 praecipue
952 1644 1133 1698 remorentur,
1145 1635 1232 1685 dexter

694 1723 769 1771 terrio.
787 1717 901 1773 Pertinet
914 1718 946 1770 ad
958 1715 1070 1770 talorum
1083 1726 1228 1770 etteeeera·
1254 1769 1260 1786 ,

694 1817 755 1852 rum
770 1801 878 1870 ludum
892 1799 999 1854 illorum
1013 1803 1159 1870 superficie·
1173 1819 1234 1871 qua·

695 1895 755 1938 tuor
772 1886 905 1955 quadratio
920 1897 947 1939 et
966 1887 1083 1952 duobus,
1098 1905 1162 1956 quae
1182 1885 1232 1938 eibi

695 1969 808 2023 invicem
836 1969 951 2038 oltpneita
982 1979 1079 2033 erent,
1109 1968 1232 2021 lateribus

696 2053 831 2118 rotrudis,
846 2055 941 2106 horum
964 2073 1008 2106 aea
1025 2053 1146 2107 lateribus
1164 2071 1229 2122 quau

698 2135 777 2189 dratia
788 2135 1079 2206 comprehendebantur.
1106 2135 1233 2188 Telorum

698 2220 849 2288 quadratum
875 2239 956 2272 unum
986 2220 1139 2290 insignitum
1165 2237 1235 2282 uno,

698 2302 811 2356 alterum
836 2303 926 2356 tribue.
961 2305 1066 2356 tertium
1102 2313 1231 2373 quatuor,

699 2400 822 2456 quartum
845 2407 887 2440 tex
911 2390 1027 2457 punctis,
1054 2388 1125 2459 qnod
1148 2387 1233 2448 latus,

699 2469 771 2524 lateri
797 2472 893 2524 unitate
917 2473 1042 2542 insignito
1066 2471 1231 2539 ιιιιροιιιιιιιι,

699 2558 824 2606 serronem
846 2553 980 2605 vocabant.
1004 2553 1075 2605 Talia
1089 2553 1123 2604 ita
1142 2553 1235 2614 iactis,

699 2647 728 2690 ut
740 2634 1004 2706 singulidiveraorurn
1018 2646 1174 2706 punctorum
1189 2653 1236 2686 nu-

700 2739 805 2772 merum
819 2719 987 2772 ostenderent
1004 2722 1016 2786 (
1024 2715 1131 2788 μηδενός
1142 2719 1237 2794 iterpu-

699 2804 781 2874 γάλου
795 2803 913 2864 πιόντος
931 2797 978 2872 ἴσῳ
993 2803 1113 2874 σχήματι
1129 2803 1236 2855 Lucian.

701 2892 792 2942 Anior.
811 2893 844 2942 Τ.
857 2891 887 2942 ιι.
904 2909 928 2958 p.
942 2894 1001 2940 445.
1013 2888 1055 2940 ed.
1073 2889 1163 2953 Reiz.)
1183 2888 1237 2942 Ve-

701 2979 766 3026 neria
783 2983 839 3026 erat
851 2977 945 3034 iactor,
964 2973 986 3024 ei
1001 2989 1083 3023 unum
1097 2971 1236 3023 eumdem·

701 3075 752 3126 que
776 3073 916 3109 numerum
939 3073 1046 3118 omues,
1072 3056 1167 3121 cantu
1194 3053 1239 3107 ille

703 3141 881 3202 selicieeimne,
893 3139 935 3192 bie
948 3137 1147 3193 infelicissimos.
1164 3142 1238 3192 Cete-

702 3241 762 3276 rum
781 3222 917 3276 ludebatur
934 3233 1047 3294 quatuor
1065 3221 1138 3285 talis,
1158 3223 1241 3274 tribue
1327 3255 1330 3265 ·

703 3309 813 3361 tesseris.
858 3307 959 3368 dexter,
990 3305 1068 3370 felix,
1099 3304 1240 3374 obponitur

701 3389 837 3441 ιιαιιιιιοιιο
862 3387 997 3441 ecumbe.
1027 3385 1139 3458 ferret,
1175 3384 1241 3438 lucri

704 3473 826 3526 adferret.
914 3459 920 3473 ¹

738 3564 780 3612 5⁰.
807 3557 917 3610 liaderet
937 3575 998 3626 pro:
1022 3555 1174 3620 deraderet,
1191 3554 1238 3606 da·

703 3659 796 3694 mnom
811 3641 934 3704 inferret3
951 3649 1108 3709 quantopere
1119 3656 1177 3690 rem
1192 3638 1241 3689 mi·

703 3736 809 3788 niteret,
821 3725 859 3778 rei
874 3723 1029 3777 detraheret.
1043 3721 1159 3776 Martial.
1170 3723 1242 3783 Xlll,

706 3817 729 3861 t.
747 3817 761 3861 5
782 3826 851 3877 seqq.
873 3819 994 3877 angustae
1007 3806 1075 3858 eollo
1088 3825 1139 3858 ιιοιι
1149 3807 1245 3879 fallier

704 3911 783 3944 oreae.
808 3890 953 3944 infinitivus
975 3889 1069 3959 pendet
1083 3891 1130 3942 ab:
1148 3899 1202 3941 erat
1218 3891 1246 3939 ira

705 3988 775 4026 voto.
794 3973 882 4026 Poteet
896 3972 944 4024 hoe
964 3970 995 4024 ed
1008 3973 1077 4040 priua
1089 3969 1144 4023 ludi
1159 3987 1242 4042 genua

706 4056 815 4119 referri,
841 4066 867 4108 et
890 4075 951 4110 οισι
971 4055 1056 4106 ιιι-ιιι
1084 4054 1162 4108 idem·
1184 4064 1242 4116 eet,

706 4139 778 4212 quod
793 4141 906 4210 plrimm,
919 4139 1045 4213 fritillas,
1067 4156 1172 4208 pyrgus.
1190 4140 1240 4188 Ca·

706 4225 836 4278 sanbonus
855 4224 1000 4288 existimat,
1025 4221 1073 4275 boe
1093 4241 1197 4293 quoque
1211 4221 1245 4272 de

708 4308 759 4362 alia
772 4307 871 4362 lusione
886 4327 958 4378 porse
977 4307 1077 4376 adripi,
1096 4325 1159 4376 quae
1174 4305 1243 4375 apud

709 4397 823 4448 Graecos
839 4393 921 4464 epira
938 4391 1087 4461 ditabatur,
1100 4409 1132 4444 ne
1145 4408 1176 4444 ea
1187 4389 1245 4446 Pol·
