3046 5498
533 421 778 500 assarum
885 432 891 445 ·
1164 383 1218 508 iii

85 637 206 722 borum
223 623 624 746 longe'molestissimi
641 641 752 721 fuere
763 629 1093 750 primumtollatio
1111 625 1218 730 octo·

28 827 29 842 ἢ
102 765 175 868 gru
188 759 357 833 circiter
377 759 580 853 codicum,
599 757 660 840 vel
684 787 800 838 manu
825 765 1057 868 scriptorum
1074 764 1137 872 vel
1157 783 1217 874 ty·

28 891 30 902 ’
71 905 78 918 ·
107 885 405 990 poemorum,
436 901 533 982 quos
566 905 688 984 paene
704 905 836 956 omnes
864 881 947 986 ipse
974 911 996 957 a
1024 883 1217 992 principio

109 991 250 1072 dinem
270 997 519 1098 comparavi,
537 1019 747 1099 eorumque
765 999 935 1090 notatio,
955 997 1163 1104 descriptio
1178 1009 1218 1078 et

104 1107 292 1186 bordines
335 1127 457 1214 atque
487 1109 623 1188 classes
664 1111 900 1206 distributim
933 1113 1073 1196 deinde
1101 1114 1217 1194 lectio

93 1225 464 1318 commentariorum,
483 1227 553 1332 qui
573 1230 754 1332 temporis
774 1230 958 1304 iacturam
977 1228 1109 1304 fructu
1124 1231 1216 1308 iude

87 1360 253 1449 percepto
272 1345 512 1448 neutiquam
531 1335 830 1451 compensabant
847 1363 886 1422 et
908 1348 950 1420 in
973 1345 1219 1426 Henniniant

86 1462 236 1538 editione
257 1487 441 1536 seorsum
462 1459 511 1535 ad
528 1463 698 1564 quemvis
716 1487 888 1555 versum,
907 1461 1029 1540 altero
1050 1463 1216 1542 alterum
1262 1511 1268 1540 t

85 1583 119 1656 in
137 1577 210 1654 aliis
233 1573 333 1652 libri
353 1579 505 1684 paginis
522 1576 761 1684 excipiente,
780 1597 891 1656 erant
910 1579 1133 1673 evolvendi;
1152 1582 1218 1660 de»

85 1699 190 1801 nique
205 1693 410 1772 confectio
428 1695 568 1770 Indicis
578 1721 708 1772 rerum
723 1696 1006 1804 verborumque
1020 1697 1216 1778 uberrimi.

86 1805 204 1890 'lotet
221 1829 354 1889 tantas
374 1810 615 1890 difficultates
634 1839 678 1889 ac
697 1813 887 1890 molestias
905 1817 936 1890 si
954 1819 1218 1924 reputaverint
1324 1857 1325 1862 ,
1434 1813 1440 1832 ⁴

89 1933 189 2034 aequi
197 1929 340 2003 barum
356 1955 492 2004 rerum
505 1928 664 2024 iudices,
674 1955 755 2008 non
767 1931 1009 2008 mirabuntur
1027 1931 1218 2038 proiecto,

90 2045 244 2122 noudum
270 2045 399 2122 fuisse
416 2071 666 2152 quemquam,
684 2049 753 2150 qui
778 2063 927 2124 tantum
954 2047 1025 2124 sibi
1052 2047 1218 2144 labor-is,
1308 2060 1314 2074 ‘

95 2181 256 2268 qnantum
275 2189 356 2266 ego
372 2169 598 2270 receperim,
609 2166 754 2271 imponi
765 2183 1012 2272 patereturet
1025 2168 1067 2241 in
1079 2165 1216 2244 eodem

104 2280 310 2386 pcderendo
335 2299 564 2359 constanter
581 2301 856 2388 perseveraret,
867 2283 1084 2388 multosque
1104 2285 1216 2370 desti·

116 2397 388 2474 [meamnsilio
415 2397 555 2474 edendi
573 2397 785 2490 Iuvenalis,
811 2399 975 2478 iamdiu
995 2419 1122 2478 mente
1141 2405 1217 2507 agi·

115 2531 197 2606 tato,
211 2533 259 2590 aut
273 2517 398 2591 oneri
425 2515 681 2592 succubuisse.
718 2513 839 2594 lidem¹
863 2543 943 2594 non
961 2544 1086 2622 pauca
1113 2518 1217 2596 l'orte

102 2635 179 2706 titia
195 2631 472 2709 condonabunt
489 2635 546 2724 ei,
566 2635 633 2738 qui
651 2633 798 2738 primus
812 2631 903 2708 talia
918 2633 1118 2728 moliatur,
1136 2657 1218 2712 non

94 2749 214 2850 ignari,
238 2749 468 2826 hominibus
488 2753 600 2826 etiam
619 2749 735 2854 louge
760 2750 996 2828 doctioribus
1026 2753 1216 2860 obrepere

92 2866 234 2944 subinde
253 2895 437 2944 somnum
457 2871 498 2942 in
519 2893 636 2973 opere
655 2883 732 2942 tam
751 2886 855 2944 vasto
875 2875 914 2944 et
931 2867 1068 2962 arduo,
1087 2890 1217 2976 neque

95 2987 240 3060 animum
259 2987 399 3087 rigere
421 3009 571 3088 semper
590 3002 629 3060 et
659 2985 746 3060 sutis
764 3002 875 3060 acute
902 2984 1052 3079 videre,
1071 2985 1217 3064 nedum

98 3105 174 3192 cius,
191 3104 257 3176 cui
277 3100 466 3177 Herculei
495 3100 646 3178 labores
679 3100 738 3175 illi
766 3099 913 3178 fuerint
932 3101 1153 3180 exantlandi
1179 3121 1218 3209 et

102 3245 199 3322 reque
218 3245 364 3322 magna
382 3218 570 3293 librorum
588 3219 723 3324 copia,
743 3243 871 3324 neque
890 3223 977 3298 satis
996 3221 1064 3298 otii
1080 3247 1218 3328 suppe-

98 3339 199 3430 tierit,
217 3335 305 3428 sed,
317 3363 441 3441 quum
460 3362 703 3442 sempernon
722 3339 845 3414 minus
862 3336 944 3414 fere
964 3338 1079 3415 studii
1108 3339 1217 3416 theo·

89 3451 339 3558 logiae‚qnam
359 3451 605 3558 philologiae,
617 3469 656 3528 et
668 3451 810 3558 linguis
829 3451 1090 3546 orientalibus,
1100 3477 1218 3562 quam

88 3571 259 3645 Graeciae
280 3595 326 3644 ac
344 3571 444 3644 Latii
464 3567 599 3662 literis,
618 3569 869 3675 impenderim
882 3588 1044 3679 propter
1064 3573 1218 3675 negotia

88 3689 180 3762 saria
199 3687 439 3793 crebrasque
467 3685 820 3792 interpellationes,
845 3689 1040 3769 subseciva
1069 3707 1219 3765 tantum

28 3839 33 3934 p
87 3823 250 3911 tempora
268 3822 309 3880 et
323 3831 461 3911 operas
479 3804 706 3912 plerumque
716 3804 979 3884 tumultuarias
992 3806 1081 3883 huic
1092 3805 1218 3884 labori

86 3921 204 3998 dioere
223 3921 395 3998 licuerit.
436 3925 580 4000 Forsan
599 3942 638 3998 et
657 3947 738 4002 non·
756 3926 995 4001 immemores
1015 3939 1133 4000 erunt
1153 3949 1216 4000 eo·

85 4067 182 4134 mm,
208 4068 317 4147 quae
338 4043 474 4146 Heyne
495 4044 535 4117 in
552 4043 679 4118 Praei.
710 4045 813 4147 Virg.
832 4067 921 4121 vere
954 4039 1072 4117 dixit:
1091 4043 1217 4118 «Non

28 4207 30 4276 3
85 4164 242 4237 minores
287 4157 532 4236 difficultates
572 4161 695 4266 ipsum
730 4175 914 4265 premunt
954 4163 1214 4266 interpretem.

28 4323 30 4376 t
85 4278 252 4382 Namque
272 4278 416 4352 eteius
439 4277 631 4377 ingenium
650 4273 799 4350 infinita
829 4303 960 4353 rerum
985 4276 1216 4350 minutarum

88 4399 182 4504 topia
203 4421 254 4474 ao
273 4391 492 4502 subtilitate
513 4393 610 4512 (nee
629 4396 754 4494 minus
774 4395 1058 4504 comparatione
1076 4405 1134 4476 tot
1158 4417 1216 4475 so
