3056 5490
368 411 465 524 ’454
750 495 754 510 ,
858 443 999 504 ,sensu

274 687 278 694 -
361 641 531 743 Intepet,
552 636 803 742 hibernatque
822 663 946 714 meum
967 665 1067 716 mare
1079 660 1095 730 ‚'
1109 668 1182 743 qua
1199 643 1294 722 latus
1313 649 1422 752 ingens

365 757 467 830 Dant
485 753 630 859 scopuli
642 809 652 846 ‚
664 771 709 828 ‘et
726 753 843 829 multa
863 754 952 832 iitus
969 784 1008 832 se
1029 756 1124 835 valle
1142 781 1315 866 receptat.
1374 805 1377 812 .

364 874 489 949 Lunai
505 890 656 972 portum
674 889 729 948 est
747 900 887 973 operae·
899 899 1140 975 cognoscere,
1159 885 1261 954 eires.

363 989 439 1062 Cor
456 987 562 1064 iubet
581 989 652 1062 hoe
672 989 785 1080 Enni,
805 1003 1003 1094 postquam
1023 989 1221 1066 destertuit
1239 1021 1314 1070 esse
1421 1037 1443 1086 n

363 1101 581 1180 Maeonides
600 1105 763 1197 Quintus
782 1132 928 1208 pavone
948 1131 994 1182 en
1012 1106 1259 1210 Pythagoreo.

364 1387 451 1458 itaque
465 1395 525 1438 sunt
546 1386 661 1440 earmina
677 1387 765 1458 paullo
781 1391 895 1442 severio·
949 1405 984 1440 sc.
999 1387 1121 1458 pretium.
1134 1390 1218 1442 Huius
1232 1408 1316 1460 versus
1329 1392 1445 1448 auctorite

363 1468 401 1520 ris
414 1469 531 1538 generis,
551 1469 579 1522 in
593 1470 685 1538 quibus
702 1468 794 1523 senum
807 1492 895 1542 perso·
948 1467 998 1544 ioci
1009 1471 1194 1524 amoenitatem
1207 1473 1397 1544 probarestndet.

364 1569 427 1606 nam
448 1541 532 1606 induit
554 1557 659 1621 Bassus,
680 1556 712 1608 sd
736 1557 897 1610 iuventutem
984 1557 1024 1606 ⁴⁰·
1043 1553 1100 1606 Cor·
1119 1557 1200 1624 saepe
1218 1556 1444 1612 nsusssrhssmts

363 1635 493 1689 virtutum
533 1639 691 1710 praeceptis,
712 1641 897 1710 imbuendam5
947 1637 1046 1706 priscus
1071 1658 1157 1692 sermo
1183 1641 1287 1694 Latinus
1309 1661 1351 1712 pro
1366 1645 1442 1706 anino,

365 1715 435 1786 quod
451 1719 595 1772 carminum
614 1739 695 1792 genus
709 1729 811 1794 egregie
825 1725 893 1778 indi·
948 1721 1040 1803 Ψυχῇ,
1071 1723 1223 1791 prudentia:
1258 1725 1321 1778 unde
1350 1725 1444 1780 adiectiu

364 1811 436 1853 catur
446 1819 493 1872 per
510 1793 602 1872 poliioe
620 1805 733 1873 horresco,
755 1817 830 1876 atque
847 1808 894 1860 ob·
948 1805 1077 1869 cordatus,
1102 1825 1190 1859 excors
1207 1817 1255 1863 eet.
1272 1807 1334 1878 apud
1349 1811 1443 1862 recentis·

363 1885 468 1952 ponitur
481 1884 760 1942 iiiisinnenr'libasioot's.
773 1919 805 1931 ·-
819 1891 898 1962 Ligus
948 1905 989 1938 ret
1007 1899 1166 1942 manserunt·
1193 1891 1247 1944 Cic·
1266 1893 1336 1944 Tuae·
1353 1895 1380 1961 Q
1396 1896 1443 1957 1¹⁹·

363 1983 409 2015 ora
425 1983 471 2034 pro
492 1985 537 2017 ora
551 1967 685 2036 Ligustica.
948 1968 980 2022 de
994 1970 1050 2023 Fin.
1066 1975 1090 2024 11
1098 1977 1156 2036 ,28.
1177 1971 1443 2029 Hoeeatnonmodoeor

398 2055 422 2101 7.
445 2049 556 2117 Intepet,
584 2050 694 2120 tepidior
718 2049 836 2106 redditui
853 2065 898 2108 aut
946 2053 1114 2117 nonhabere,
1135 2057 1182 2107 sed
1200 2077 1230 2108 ne
1249 2059 1442 2128 palannipaiden

366 2140 407 2183 est
420 2149 482 2200 pro:
498 2149 546 2201 ego
559 2133 631 2184 fauor
645 2143 732 2204 tepore
746 2157 805 2190 orae
821 2137 898 2208 Ligu·
948 2135 1000 2188 Cor
1014 2137 1085 2188 Enni
1100 2157 1146 2206 pro
1161 2139 1276 2208 Ennins;
1289 2139 1323 2194 sio
1336 2141 1443 2194 sirtnsSai·

363 2213 450 2266 eticae.
467 2215 622 2287 biberuntque
634 2239 719 2282 mare,
735 2223 823 2275 Horat.
843 2225 896 2278 Sat.
944 2223 1036 2290 pacatas
1049 2243 1096 2294 pro
1105 2224 1202 2294 Scipio.
1210 2225 1350 2298 Signifieare
1365 2227 1440 2278 ridetur

362 2297 387 2347 ii
394 2333 403 2358 ,
416 2299 441 2347 2.
457 2303 496 2348 tr.
510 2295 602 2349 Meinas
616 2319 684 2352 snare
691 2339 701 2364 ,
718 2313 746 2354 ut
757 2317 845 2354 veneat
857 2323 895 2374 ep.
946 2301 974 2357 h.
990 2304 1005 2356 Ι.
1017 2308 1109 2359 Noster
1123 2325 1153 2360 ex
1176 2309 1208 2361 iis
1215 2348 1225 2372 ,
1240 2329 1301 2379 quae
1311 2309 1444 2373 adiiciuntur.

363 2377 452 2430 Senes.
466 2378 546 2447 Epist.
564 2387 620 2434 stt.
643 2385 698 2436 Hoc
711 2386 787 2452 priori
805 2389 897 2458 irrepet
945 2404 1034 2440 sanam
1051 2391 1128 2444 Ennii
1140 2391 1329 2456 conditionem,
1339 2391 1441 2460 quande-

363 2479 418 2514 non
435 2479 596 2532 repugnare,
614 2463 675 2518 disci
693 2478 776 2536 potest
792 2488 823 2520 ex
842 2473 895 2527 Cic.
946 2471 1019 2524 sisset
1045 2473 1173 2546 desipere.
1205 2489 1330 2548 postqmm
1349 2477 1444 2528 desuem

363 2543 396 2595 de
413 2545 471 2599 Nat.
483 2543 561 2600 Deor.
576 2551 607 2600 lt.
625 2568 647 2601 e.
664 2555 705 2604 tt).
717 2550 780 2604 Piut.
792 2557 894 2622 Quaest.
946 2573 1011 2618 esse,
1025 2557 1043 2608 i.
1052 2571 1220 2630 e.postquum
1234 2561 1323 2616 desivit
1333 2571 1442 2630 esse‚post-

362 2638 448 2681 natur,
475 2627 502 2688 ήζ
523 2635 556 2684 Τ.
576 2635 642 2685 Xiii.
664 2633 704 2691 erl.
732 2639 802 2689 Hutt.
828 2643 895 2693 Loca
946 2641 1444 2715 quamintellexitsenouessessedprius

362 2713 494 2766 niaritima
513 2713 599 2767 hieme
623 2717 654 2769 iis
679 2719 802 2774 calidiora
826 2742 895 2788 esse,
944 2721 1052 2790 fortius,
1073 2727 1169 2780 indicat
1191 2729 1261 2782 enim
1280 2730 1382 2782 insanam
1399 2727 1445 2780 ebrii

363 2815 427 2866 quae
441 2817 455 2850 a
469 2803 535 2852 mari
553 2799 654 2873 longius
672 2803 777 2871 absnut,
793 2808 820 2860 iu
835 2808 891 2862 vul·
945 2807 1059 2862 hominis
1071 2811 1343 2868 conditionemsomuo
1354 2813 1443 2874 tessun

361 2889 513 2946 gusnotum
527 2891 573 2932 est.
945 2893 1050 2946 Lucian.
1077 2895 1105 2946 iu
1133 2897 1270 2950 Pseudom.
1289 2897 1364 2971 ὦσπιρ
1378 2896 1412 2950 nei
1426 2895 1444 2950 is

351 3033 354 3040 Δ
395 2966 483 3032 &qua
501 2963 565 3014 latres
586 2967 674 3036 ingens
693 2969 764 3021 Dant
782 2973 894 3044 scopuli)
943 2973 1150 3047 perseuerans
1164 2979 1335 3055 ἀναφέροντες.

361 3041 481 3113 desupra
495 3045 615 3100 efficiunt.
647 3053 734 3105 Lunae
752 3057 895 3124 portnsde·
980 3065 1020 3112 tt.
1035 3061 1186 3116 Maeonides
1207 3066 1331 3119 Hosnerus
1349 3083 1375 3118 er
1393 3073 1444 3134 patrt

361 3127 611 3199 scribitur5ingentes
624 3133 721 3202 scopuli
731 3149 835 3208 portum
848 3142 892 3194 eir.
943 3142 1061 3207 Marone,
1070 3146 1189 3201 utaiunt.
1211 3149 1312 3220 erinuu
1322 3165 1444 3220 praenomtt

361 3211 512 3268 eumdantes
536 3235 582 3284 pro
604 3215 724 3273 lateribus
749 3225 804 3278 eius
827 3237 893 3282 sunt.
945 3236 982 3278 est
1010 3229 1097 3282 Ennii.
1134 3233 1238 3304 Ennius
1266 3245 1358 3287 tanturn
1381 3231 1445 3284 tribuit

351 3287 412 3347 'sed
425 3295 530 3370 ingenio
548 3304 627 3353 nostri
644 3307 732 3371 po'e‘tae
745 3307 893 3364 adcommo·
944 3312 1058 3365 Homero
1068 3354 1076 3378 ,
1095 3326 1191 3371 utnon
1214 3317 1298 3370 solum
1318 3317 1410 3387 vigilans
1422 3315 1443 3366 de

287 3447 288 3452 1
362 3376 446 3432 datius
460 3381 563 3434 videtur
579 3383 644 3438 iliud
661 3387 799 3444 denariatus
810 3393 890 3448 inter·
945 3411 976 3446 eo
990 3397 1136 3466 saepissime
1148 3401 1273 3470 cogitaret
1284 3411 1309 3473 et
1322 3399 1444 3470 toqueretur,

350 3459 472 3528 'pretatis
487 3477 616 3531 exponunt
634 3465 700 3522 latus
721 3477 785 3524 mari
794 3512 802 3538 ,
816 3486 845 3528 ut
863 3497 894 3530 eo
945 3487 973 3528 ut
988 3479 1078 3531 Cicero
1099 3481 1126 3532 in
1141 3483 1252 3545 Somnio
1268 3483 1332 3554 Seip.
1347 3495 1365 3535 Ι.
1378 3491 1444 3542 nimis

349 3541 485 3594 ‘fluctuum
505 3547 544 3598 vis
570 3557 595 3600 et
618 3549 728 3619 impetus
750 3554 893 3626 frangatur.
933 3559 988 3618 ¹sed
1003 3571 1029 3613 et
1041 3563 1314 3636 somniarit‚speeiem
1327 3567 1442 3619 Homerica

360 3625 482 3678 Strabon.
505 3629 534 3682 V.
560 3633 728 3702 reperientes
749 3635 890 3712 ci’tiinpbs
943 3644 1089 3697 Acheronte
1112 3647 1260 3702 venientem
1280 3649 1326 3702 sibi
1348 3666 1444 3711 uanam,

359 3701 441 3778 ὄρεσιν
465 3709 588 3779 ὑψηλοῖς,
614 3710 704 3800 aip'sis
732 3721 765 3776 rai
790 3723 887 3794 πελάγη
943 3738 971 3782 ut
987 3730 1073 3782 anima
1089 3750 1134 3784 sus
1145 3751 1173 3786 se
1189 3733 1337 3792 insinuasset
1348 3736 1405 3806 prius
1415 3753 1443 3802 pa·

359 3794 547 3848 κατοπτεύεται.
570 3801 724 3856 Huiusmodi
738 3810 893 3875 portusVir·
943 3813 1014 3877 voni,
1032 3833 1060 3868 ac
1071 3815 1165 3870 deinde
1179 3839 1211 3872 ex
1224 3839 1321 3890 pavone
1334 3820 1443 3872 transiisset

357 3877 414 3948 giiii
431 3878 511 3932 oruiis
534 3882 725 3940 obversabatur.
752 3893 819 3944 Aen.
842 3895 890 3958 iii,
942 3897 970 3950 in
995 3899 1071 3952 Ennii
1098 3919 1210 3970 eorpus,
1235 3913 1264 3956 ut
1286 3903 1372 3974 iegitur
1395 3897 1442 3971 spui

360 3967 410 4013 533
428 3980 498 4034 seqq.
518 3977 542 4016 et
558 3969 636 4020 multa
654 3971 724 4023 vatts
744 3994 768 4026 se
785 3992 890 4047 receptat
941 3983 1041 4034 Lueret.
1066 3985 1090 4047 i,
1115 3989 1172 4038 ⁴25.
1213 4007 1309 4056 pavone
1326 4006 1354 4038 es
1369 3983 1441 4056 Pyra·

224 4113 227 4120 Ι
305 4113 307 4118 Ι
357 4045 430 4110 litus,
445 4047 492 4100 hoc
506 4049 702 4118 amplitudinem
717 4069 805 4125 portus
823 4060 890 4113 indi·
940 4083 1018 4134 got-eo
1024 4079 1137 4137 ,spectat
1150 4069 1199 4124 hoe
1213 4071 1245 4123 ad
1258 4072 1442 4144 Pythagoreorum

347 4135 397 4178 'eat
411 4137 437 4180 et
449 4125 623 4185 litusinterius
633 4135 749 4208 pianurm
759 4150 803 4193 aut
816 4144 892 4196 saltn
934 4145 1059 4214 somnia,
1081 4148 1125 4218 qui
1146 4151 1299 4216 narrabant,
1317 4151 1442 4223 Pythagoras

358 4208 434 4262 esth.
449 4209 561 4282 Laqueo
578 4221 725 4288 superficies
738 4224 797 4275 sinu
816 4225 892 4278 redu·
942 4228 1056 4282 animam
1068 4233 1096 4284 in
1111 4233 1265 4304 migratione
1279 4255 1322 4289 sua
1341 4256 1380 4305 pes
1394 4233 1443 4284 vtss't

358 4304 399 4345 eto
412 4293 494 4351 litoris
506 4299 595 4355 cincta.
941 4330 1048 4381 corpora
1062 4315 1132 4384 prius
1145 4318 1172 4368 in
1190 4338 1319 4389 peronem
1335 4319 1442 4389 migratu.

392 4382 417 4432 9.
447 4381 491 4445 Est
513 4387 705 4457 versus-Ennii.
750 4411 838 4462 operae
856 4409 891 4448 est
942 4395 1036 4454 dende
1053 4399 1080 4456 in
1102 4403 1248 4458 Homerum
1273 4397 1442 4468 transiissent
