3120 5494
576 429 727 489 ss‘rttttt
765 431 823 488 ΙΙΙ.

32 661 33 670 ’
128 633 240 708 Haud
259 633 332 708 alia
350 636 496 707 ratione
517 629 620 723 velis,
640 659 760 735 quum
779 630 863 706 dira
883 630 1002 708 libido

127 753 290 829 Moverit
314 752 529 852 ingenium,
550 748 712 824 ferventi
731 753 848 824 tincta
864 776 1030 827 veneno:

125 871 315 942 Virtutem
334 867 506 958 videant,
523 865 835 968 intabescantque
854 865 999 940 relicta.

126 987 236 1059 Anne
256 989 369 1088 magis
386 983 502 1058 Siculi
524 1001 751 1085 gemuerunt
770 1009 857 1056 aera
876 983 1045 1072 iuvenci,

125 1101 202 1174 Aut
220 1103 334 1201 magis
353 1091 492 1174 auratis
513 1097 683 1202 pendens
703 1093 947 1200 laquearibus
965 1101 1063 1172 ensis
1088 1149 1090 1158 ,
1214 1130 1247 1178 ut

125 1220 342 1320 Purpureas
361 1216 492 1290 subter
511 1217 674 1290 cervices
693 1218 851 1300 terruit,
870 1222 988 1304 imus,

126 1333 229 1410 Imus
240 1339 487 1434 psammites,
509 1359 621 1434 quam
641 1336 671 1408 si
690 1332 761 1407 sibi
781 1329 882 1404 dicat
891 1389 905 1423 ,
926 1348 964 1406 et
982 1335 1084 1405 intus

23 1555 26 1584 :
126 1527 262 1594 extuleris,
280 1531 368 1584 omnia
384 1527 456 1600 plana
476 1542 561 1584 erunt.
587 1531 660 1584 Ordo
714 1530 836 1597 verit,se
849 1529 887 1582 sni
902 1527 981 1600 ipsius
994 1527 1125 1598 poeniteat
1135 1535 1161 1578 ct
1174 1545 1243 1580 suna·
1323 1601 1324 1604 Ἴ

125 1626 220 1679 nempe
241 1611 426 1662 sententiarum
448 1609 490 1662 hic
509 1621 553 1662 est:
578 1607 661 1663 Natta
712 1631 756 1666 mo
774 1613 854 1667 animi
871 1611 961 1666 dolore
988 1612 1122 1666 adficiatur
1144 1629 1247 1662 neceme

125 1694 174 1746 iste
186 1706 277 1748 natura
284 1694 402 1766 stupidus
409 1696 482 1750 omni
495 1715 570 1748 sensu
581 1715 660 1766 paene
712 1708 757 1750 est.
774 1699 987 1767 intabescantque,
1010 1695 1067 1751 tabe
1087 1713 1241 1748 conmman-

127 1777 262 1830 destitutus
276 1791 436 1844 est;verum
450 1782 527 1845 tu,si
541 1780 660 1834 divinam
711 1789 768 1845 tur,
797 1781 937 1854 angoribus
964 1791 990 1834 et
1018 1782 1156 1833 tormentis
1180 1797 1242 1830 con-

20 1895 26 1924 ,
128 1861 228 1914 virtutis
242 1860 471 1930 pulchritudinem,
485 1874 561 1934 teque
574 1867 659 1934 ipsum
710 1865 828 1918 scientiae
838 1864 986 1919 exeduntur.
999 1865 1086 1916 relicta
1098 1883 1133 1918 sc.
1147 1867 1244 1926 virtue,

127 1945 195 2000 vitiis
210 1947 374 2018 inquinatum
389 1945 545 2017 adspiceres,
559 1949 661 2020 quantis
710 1967 792 2018 quum
805 1967 832 2002 se
851 1947 898 2018 ipsi
916 1947 994 2020 longe
1012 1968 1026 2000 a
1040 1947 1143 2000 virtutis
1156 1945 1240 2018 digni·

126 2029 269 2101 sngoribus
306 2030 467 2094 cruciarem,
502 2043 660 2102 quantopere
711 2042 763 2084 tate
781 2043 806 2086 et
827 2032 984 2104 praestantia
1002 2031 1097 2084 remoti
1114 2030 1141 2082 in
1164 2049 1247 2086 meno

19 2129 21 2138 ·
126 2114 282 2167 acerbissimi
312 2113 480 2167 conscientiae
506 2114 604 2168 stimuli
634 2127 659 2168 te
709 2125 737 2169 et
754 2116 875 2172 foeditate
895 2118 1020 2170 vitiorum
1041 2111 1155 2170 abiectos
1178 2135 1242 2168 con·

125 2199 292 2268 exagitarent.
306 2199 376 2248 Haec
392 2198 511 2250 anniversa
525 2199 660 2252 enunciata
710 2199 850 2270 spexerint.

126 2289 186 2332 sunt
200 2298 246 2350 per
264 2279 433 2349 apostrophen
449 2281 480 2332 od
494 2285 599 2349 lovem,
617 2301 659 2335 eo·
745 2291 787 2338 39.
813 2287 900 2356 Pergit
923 2285 952 2340 in
981 2283 1155 2338 descrihendis
1179 2302 1243 2336 con·

126 2383 176 2434 que
191 2365 245 2434 ipso
261 2363 356 2418 doloris
374 2376 398 2418 et
416 2366 542 2419 cruciatus
554 2369 656 2438 magni·
710 2367 830 2420 scientiae
843 2365 969 2432 stimulis,
980 2387 1044 2437 quos
1057 2367 1118 2419 dicit
1133 2365 1244 2442 acriores

125 2447 189 2499 tadu
212 2457 237 2500 et
256 2448 378 2500 acerbitas
397 2449 550 2517 exprimitur
557 2439 659 2519 ,quod

15 2557 32 2606 ᾗ·
125 2527 191 2582 nihil
206 2548 233 2582 se
246 2529 340 2584 hahere
355 2531 456 2601 gravius
469 2531 561 2584 Noster
576 2537 655 2604 profi-

124 2621 224 2677 teatur,
245 2615 312 2684 qnod
327 2615 511 2670 crudelissimis
522 2622 657 2688 tyrannis,

124 2699 250 2752 monstris
262 2699 367 2764 humani
380 2701 497 2770 generis,
515 2702 592 2771 possit
608 2701 654 2755 ad·

122 2783 239 2852 precari,
253 2801 331 2853 quam
352 2781 395 2836 ills
409 2785 579 2840 eonscientiae
594 2805 655 2856 sup·

23 2913 29 2933 ,
121 2865 208 2937 plicia.

157 2957 198 3004 36.
212 2951 270 3004 dira
283 2953 378 3018 libido,
392 2952 577 3027 quodcumque
595 2974 658 3010 con·

12 3095 14 3106 ¹
121 3031 211 3084 silium
222 3034 325 3086 crudele
342 3045 368 3086 et
385 3032 562 3089 libidinosum.

157 3123 200 3170 37.
220 3124 322 3170 mouerit
337 3122 475 3190 ingenium,
494 3123 560 3190 ipsos
571 3134 657 3194 tyran·

121 3218 169 3252 nos
185 3201 345 3272 instigaverit
360 3203 390 3254 ad
406 3204 505 3276 insigne
520 3207 656 3278 flagitium.

113 3286 227 3356 flaventi
256 3289 333 3338 tincta
366 3307 460 3341 vesteno
495 3290 581 3360 simpl.
611 3311 657 3361 pro

25 3427 28 3437 .
123 3381 264 3434 venenum
292 3369 339 3424 hoc
361 3369 464 3424 adiecto
490 3372 603 3426 lihidinis
621 3375 658 3429 vis

119 3469 196 3510 aucta
207 3468 254 3511 est.
267 3461 407 3530 Sumptum
420 3458 469 3513 hoc
482 3481 496 3513 a
509 3460 566 3514 telis
580 3481 657 3516 verte-

119 3541 186 3592 natis
207 3541 315 3595 vulnera
336 3543 435 3596 letifera
460 3565 563 3616 semper
580 3547 652 3620 inlli-¹

120 3624 250 3694 gentibus.
273 3627 340 3698 Apte
354 3646 415 3680 sane
429 3629 461 3680 ad
482 3629 594 3682 crudelia
611 3641 654 3702 ty·

117 3725 262 3762 sannorum
282 3709 407 3780 consilia,
434 3731 547 3782 quorum
574 3703 656 3768 surori

117 3786 297 3844 inmanissima
317 3793 501 3865 quodcumque
525 3795 654 3860 luhucrit,

117 3873 263 3928 incredibili
278 3875 415 3929 hominum
428 3888 532 3950 stupore
549 3879 576 3932 in
591 3881 656 3951 ipsos

12 3989 13 4002 ÷
115 3961 197 4014 nimis
214 3981 287 4033 saepe
306 3961 388 4018 licuit.

153 4045 321 4096 38.virtntem
334 4047 450 4113 videaur,
461 4047 563 4119 supple:
576 4063 654 4118 quam

116 4136 154 4178 ut.
186 4127 383 4198 lnprobissimus
399 4131 506 4202 quisque
520 4141 546 4186 et
565 4131 651 4204 perdi-

115 4208 231 4263 tissimus
250 4231 302 4264 non
324 4225 405 4282 potest
432 4233 487 4269 nou
513 4216 652 4278 virtutem,

12 4289 23 4322 ⁹²
114 4312 194 4363 quam
225 4295 251 4346 in
280 4295 337 4349 aliis
370 4297 472 4362 videat,
509 4301 653 4370 suspicere,

13 4403 15 4410 ·
114 4378 229 4446 quamsi
246 4398 306 4432 cum
318 4399 363 4434 sua
381 4381 501 4438 foeditate
512 4383 648 4454 'compara-

710 2452 814 2506 dolores
837 2454 963 2514 excitare,
982 2471 1059 2520 quam
1084 2451 1245 2514 Phalaridis,

711 2533 874 2604 Agrigentini
885 2533 1001 2604 tyranni,
1013 2542 1115 2584 taurum
1125 2551 1245 2600 aeneum;

710 2616 791 2690 magis
808 2635 916 2686 augere,
938 2635 1015 2685 quam
1031 2617 1151 2688 Dionysii
1168 2617 1246 2688 Syra·

708 2715 827 2754 casarum
844 2697 912 2772 regis
924 2720 1013 2754 ensem
1026 2721 1102 2770 supra
1114 2699 1242 2754 cervicem

709 2783 839 2838 Damoclis
869 2793 921 2836 seta
956 2784 1050 2854 equina
1085 2803 1245 2854 suspensum.

709 2888 768 2938 aera
792 2868 869 2922 Statu
893 2873 996 2922 iuvenci.
1024 2877 1169 2940 metonym.
1197 2887 1246 2937 pro

709 2948 857 3002 bominibus
887 2950 915 3002 in
948 2950 997 3002 isto
1024 2959 1099 3002 tauro
1131 2947 1242 3002 inclusis.

709 3031 853 3086 Phalaridis
875 3033 1011 3086 crudelitas
1032 3034 1096 3086 adeo
1124 3044 1185 3084 nota
1207 3043 1245 3085 est

709 3127 734 3168 et
748 3117 878 3170 decantata
890 3115 958 3188 apud
973 3129 1082 3184 veteres,
1099 3128 1128 3170 ut
1143 3135 1246 3188 semper

708 3201 762 3253 sius
776 3201 873 3254 mentio
886 3203 943 3265 fiat,
961 3201 1007 3254 uhi
1020 3201 1053 3254 de
1071 3201 1187 3272 tyrannis
1200 3211 1246 3254 aut

712 3283 744 3337 de
759 3285 897 3357 tyrannide
911 3305 997 3340 sermo
1014 3296 1060 3338 est.

743 3375 783 3422 tu·
806 3371 845 3422 De
868 3370 997 3442 Dionysio
1022 3357 1245 3441 Syracusanorum

709 3463 823 3524 tyranno
836 3464 861 3505 et
876 3451 1000 3506 Damocle
1015 3452 1070 3505 eius
1083 3451 1246 3506 adsentatoce

708 3549 795 3590 narrat
816 3537 905 3590 Cicero
925 3535 1030 3590 Tuscul.
1058 3539 1089 3600 V,
1105 3543 1130 3592 9.
1145 3531 1186 3589 20.
1203 3541 1244 3588 24.

707 3625 800 3673 maratis
820 3621 991 3692 laquearibus,
1014 3621 1116 3672 ucaaar
1138 3639 1182 3674 seu
1202 3619 1242 3670 la-

705 3723 781 3774 quear·
808 3717 861 3756 erat
893 3716 990 3759 tectum
1024 3703 1130 3757 triclinii
1163 3701 1243 3773 tignis

706 3791 858 3842 transversis
873 3789 900 3840 in
914 3789 1053 3858 qrsadratas
1066 3787 1246 3858 depressiones
1311 3779 1315 3788 ’

706 3871 793 3940 (lacus
813 3869 854 3923 vel
868 3873 987 3939 lacunas)
1007 3871 1137 3934 divisum,
1165 3888 1245 3932 auro,

705 3953 833 4008 coloribus
847 3965 872 4008 et
887 3953 990 4024 picturis
1005 3953 1161 4007 inlustratus.

739 4062 781 4108 tt.
799 4055 939 4126 Purpmuas
949 4057 1030 4108 subter
1046 4059 1166 4116 carneas,
1181 4070 1243 4126 pro·

707 4138 778 4206 prie:
797 4157 872 4207 supra
885 4135 1030 4203 Danroclis,
1042 4155 1151 4207 purpura
1170 4133 1244 4206 regia

706 4213 806 4284 induti,
817 4219 953 4270 cervicem.

738 4305 779 4352 42.
808 4305 869 4353 imus
891 4303 958 4356 [maa
975 4305 1122 4375 praecipites
1127 4340 1140 4380 3
1169 4301 1246 4370 quani

703 4379 726 4438 si
744 4387 792 4439 sibi
816 4387 892 4440 dieat.
919 4389 1029 4440 Sensus:
1056 4391 1248 4464 Quamquam
