3120 5494
587 405 735 511 sarrai
776 452 801 508 ι.
865 539 875 556 ι
1156 407 1248 544 369

126 653 208 728 lloc
229 649 356 726 ridere
376 675 520 741 meum,
541 667 616 724 tarn
636 649 714 742 nil,
734 647 840 728 nulla
854 649 922 722 tibi
938 647 1061 725 vendo

125 768 253 843 Iliade.
307 767 451 843 Audaci
468 770 699 882 quicumque
720 765 857 841 adllate
876 769 1056 856 Cratino,

123 887 264 962 Iratum
285 885 512 992 Eupolidem
532 885 759 990 praegrandi
779 909 864 959 cum
885 911 974 958 sene
994 881 1137 997 palleS,

124 1005 287 1108 Adspice
308 1003 524 1094 ethaeo,
497 1031 526 1078 sr
546 1003 646 1078 forte
665 1001 811 1104 aliquid
830 1001 1023 1076 decoctius
1042 989 1163 1075 audis.
1201 1041 1249 1090 ,25

122 1158 213 1211 Manet
230 1157 333 1211 Persius
357 1157 588 1220 insimilitudine,
611 1177 662 1228 qua
715 1175 773 1209 rum
804 1155 936 1209 comoedia
955 1155 1090 1226 praecipue
1119 1157 1251 1227 regnabat.

121 1241 430 1296 remotadicereroluit:
446 1243 536 1298 omnia
553 1261 661 1312 eaquae
714 1243 812 1295 audaci.
826 1241 1049 1294 audaxenrrnerat
1061 1243 1088 1292 iu
1100 1241 1251 1312 castigandis
1317 1233 1319 1238 ¹

122 1337 209 1394 aperte
222 1327 308 1380 dicere
320 1327 385 1380 mihi
396 1345 449 1380 non
463 1326 539 1392 lieet,
553 1347 599 1397 pro
614 1328 662 1382 hoc
714 1325 871 1380 hominibus.

122 1407 148 1460 id
163 1411 265 1479 posuit,
285 1411 354 1480 quod
367 1411 455 1464 Midae
475 1421 563 1465 tonsor
576 1411 661 1464 dicere
750 1414 806 1462 424.
822 1409 918 1461 Iratum
930 1408 1090 1479 Eupolidem.
1113 1379 1251 1478 Epitheton

120 1491 267 1561 prohibitus
284 1495 375 1547 luerat.
397 1493 425 1547 St
437 1494 524 1548 sabula
538 1513 599 1547 vera
612 1506 661 1557 est,
712 1496 788 1548 ι’τιιιιιι
806 1497 860 1546 neri
884 1493 985 1547 videtur
1001 1495 1131 1565 pertinere
1158 1495 1214 1546 ad
1207 1515 1249 1546 m-

122 1593 203 1646 quam
218 1588 307 1630 auctor
324 1578 394 1631 vitae
410 1579 489 1632 Persii
506 1589 605 1646 hamat,
617 1599 661 1648 po-
713 1576 800 1631 dolem
815 1575 962 1646 Eupolidis,
977 1595 1060 1646 neque
1073 1575 1105 1628 ad
1118 1578 1249 1629 scribendi

121 1661 171 1712 tuit
191 1663 301 1715 omniuo
322 1664 452 1716 Cornutus
470 1664 539 1716 bunc
556 1681 660 1719 versum
712 1679 808 1732 gersus,
822 1681 875 1734 quo
889 1679 948 1714 usus
967 1672 1019 1728 est,
1033 1660 1130 1714 etenim
1154 1663 1247 1714 remis·

121 1756 224 1796 mutare
242 1743 323 1814 (satis
348 1745 435 1816 inepte
455 1747 507 1800 itas
529 1749 660 1801 Auricuiaa
711 1745 763 1798 sius
775 1747 880 1799 Cratino
894 1755 920 1800 et
935 1744 1105 1815 Aristophane
1118 1745 1196 1799 luisse
1209 1747 1248 1799 di-

121 1832 187 1886 asint'
199 1832 253 1900 quis
272 1831 442 1899 nonhabet),
464 1849 517 1883 non
535 1831 660 1901 quiahoc
713 1830 789 1882 citur.
816 1831 918 1882 Verum
939 1828 1003 1882 haec
1017 1847 1070 1882 non
1084 1831 1190 1883 suntad
1204 1831 1244 1883 ri·

120 1931 200 1966 versu
213 1915 281 1966 Nero
294 1924 453 1986 tangeretur,
465 1916 509 1968 sed
523 1919 583 1986 qnia
596 1918 659 1968 inse
712 1931 776 1965 vum
785 1912 931 1978 resecanda,
940 1913 1089 1983 praesertim
1096 1933 1177 1984 quum
1188 1915 1250 1978 sint,

121 1995 221 2048 dictum
235 1997 303 2050 hune
324 2017 429 2050 versum
454 1999 522 2052 Nero
540 1999 660 2068 suspicari
712 1996 757 2066 qni
771 1995 803 2048 de
812 1995 939 2064 Eupolide
951 1995 1025 2050 aliter
1037 2007 1159 2050 statuant.
1172 2018 1249 2067 prae·

123 2083 259 2152 potuisset.
281 2085 382 2136 Verum
398 2082 461 2137 haec
482 2103 554 2136 mera
569 2101 656 2154 gram·
710 2081 804 2150 grandi
821 2099 954 2134 cumaeae
979 2081 1081 2135 Omnes
1099 2084 1250 2150 interpretes

119 2165 278 2216 niaticonrm
301 2175 448 2218 commenta
465 2183 519 2218 essc
540 2165 660 2217 arbi.tror
710 2161 909 2230 Aristophanem
941 2161 1104 2257 intelligunt,
1131 2174 1156 2216 et
1189 2181 1251 2215 sanc

121 2247 226 2318 boeegro
244 2248 413 2317 operturoiMe
428 2267 519 2302 meum
530 2247 658 2310 libellum
711 2246 790 2298 etiam
804 2245 952 2300 abHoretio
967 2251 1032 2316 (Sat.
1045 2253 1066 2312 t,
1066 2230 1104 2304 4.
1116 2247 1210 2318 princ.)
1224 2257 1251 2300 et

121 2329 150 2381 in
168 2350 217 2400 quo
229 2331 273 2383 illa
286 2331 416 2401 descripsi.
711 2349 725 2382 a
738 2328 959 2398 Quintiliano(X‚
972 2335 1007 2398 t.)
1021 2349 1079 2384 cum
1089 2330 1249 2384 illisduumm

159 2419 216 2467 422.
231 2415 289 2468 Hae
299 2415 382 2467 ridere
397 2433 485 2467 meum.
502 2418 658 2486 Designatus
710 2413 773 2465 viris
786 2412 929 2483 coprrlatur.
949 2413 999 2466 Sed
1013 2433 1059 2466 cur
1072 2413 1172 2467 Persius
1183 2433 1246 2466 eum

120 2517 169 2570 per
180 2499 228 2551 hoc
240 2511 329 2552 natura
342 2510 366 2552 et
383 2500 483 2552 indoles
497 2499 588 2566 libelli,
600 2519 658 2572 pro:
710 2501 897 2569 praegrandem
907 2499 1087 2552 senemvocat?
1101 2503 1246 2568 floeneque

121 2583 150 2634 iu
165 2601 216 2652 qno
232 2583 370 2638 stultorum
387 2585 535 2638 moresrisi.
554 2587 660 2638 Nousa-
710 2584 742 2636 ad
756 2595 876 2653 tempus,
889 2603 943 2656 quo
961 2583 1024 2636 vixit
1043 2583 1245 2652 Aristophanes,

121 2667 154 2720 tis
174 2668 294 2721 adcurate
311 2669 344 2722 de
367 2689 463 2742 genere
480 2670 586 2736 satirae,
607 2687 659 2741 quo
710 2667 924 2738 potestpertinere
938 2667 1187 2740 (adiungiturenim
1201 2688 1245 2721 re·

121 2771 183 2804 usus
200 2763 247 2806 est.
275 2755 395 2821 tamnil,
411 2753 453 2806 vel
467 2775 496 2808 ex
510 2751 583 2825 vulgi
597 2755 656 2826 opi·
705 2749 924 2822 'tustioribusipso
945 2751 1142 2822 scriptoribus),
1164 2769 1247 2822 neque

121 2836 201 2888 nione
213 2837 266 2904 (es.
282 2857 306 2890 v.
320 2840 385 2904 2.),
400 2837 440 2890 vel
454 2838 553 2892 nemini
564 2857 659 2893 nocens
709 2836 742 2888 ad
755 2847 865 2889 aetatem
885 2835 956 2903 eius3
977 2836 1075 2888 etenim
1092 2846 1175 2888 aetate
1192 2839 1243 2888 rni-

120 2919 198 2983 risus,
207 2938 284 2988 quem
294 2920 374 2972 animi
388 2939 462 2973 eausa
474 2921 576 2974 exercui
588 2921 659 2976 nulla
709 2939 801 2973 norem
817 2939 895 2984 eum,
911 2939 987 2990 quam
999 2919 1144 2988 Cratinum,
1154 2920 1247 2974 obiisse

119 3001 239 3056 laedendi
254 3004 402 3072 cupiditate.
709 3002 843 3073 probabile
862 3013 914 3068 est,
932 3005 991 3074 quia
1008 3023 1022 3055 a
1039 3003 1151 3064 Lucieno
1166 3005 1243 3072 (tta-

156 3089 214 3140 sis.
228 3087 312 3139 ittarta
326 3106 360 3140 sc.
372 3087 434 3140 Acci
445 3095 488 3140 eut
500 3085 564 3140 alius
575 3088 657 3141 cuius·
710 3088 780 3141 crab.
795 3091 827 3141 T.
845 3089 895 3154 ltt,
914 3107 941 3158 p.
963 3093 1020 3142 227.
1043 3087 1085 3142 ed.
1108 3089 1199 3158 Heia.)
1218 3089 1246 3141 in

120 3189 201 3240 quarn
215 3173 294 3242 inepti
316 3177 421 3244 podtae,
438 3191 505 3248 quae
528 3175 555 3226 in
576 3172 659 3243 pretio
711 3170 844 3242 longaevis
862 3189 915 3224 non
936 3183 1099 3238 recensetur,
1118 3172 1163 3242 qui
1186 3177 1248 3226 Cra·

119 3254 273 3330 habelptur.
295 3259 404 3308 Sensnss
420 3275 491 3310 meas
504 3275 584 3328 nugas
597 3256 655 3328 plu·
710 3251 758 3306 tini
773 3255 934 3307 mentionem
948 3255 1016 3308 facit.
1030 3257 1120 3326 Neque
1130 3273 1160 3308 ea
1172 3259 1247 3316 ratio,

120 3341 157 3392 ris
171 3343 395 3412 existimo,quam
408 3341 502 3394 insulsa
514 3361 591 3411 opera
599 3346 659 3412 po'e'·
711 3357 789 3407 quam
814 3338 978 3398 Casaobonus
999 3341 1134 3410 proponit,
1159 3337 1246 3392 locum

120 3433 205 3478 tatum
225 3435 328 3478 nostrae
339 3428 438 3479 aetatis.
710 3431 791 3489 potest
805 3419 912 3486 babere;
927 3421 989 3476 dicit
1002 3439 1064 3474 eum
1078 3423 1111 3475 ob
1123 3423 1249 3474 monendi

156 3515 298 3564 tis-434.
313 3513 384 3573 lam,
399 3529 463 3580 quos
483 3509 590 3563 lectores
610 3511 658 3564 sibi
709 3515 735 3557 et
745 3505 892 3574 increpandi
906 3518 989 3575 partes
1003 3505 1052 3558 hoc
1065 3523 1162 3558 nomen
1177 3506 1244 3557 obti-

120 3603 205 3664 optet,
222 3593 325 3647 indicat.
348 3595 447 3647 Omnes
469 3594 524 3646 veri
543 3604 658 3647 amantes
709 3592 812 3654 ussisse,
826 3607 907 3658 quum
922 3587 1050 3660 lepidum,
1066 3590 1246 3659 ingeniosum,
1316 3581 1319 3586 ¹

121 3677 153 3728 ad
170 3675 309 3730 lectionem
324 3667 433 3741 inritat,
447 3687 658 3744 omnescontra,
709 3672 823 3725 dicacem
841 3691 900 3724 eum
918 3673 1001 3742 potius
1025 3673 1137 3734 dixeris,
1152 3689 1246 3740 quam,

121 3760 216 3830 quibus
235 3761 317 3814 bonae
334 3771 401 3814 artes
415 3762 573 3831 contemptui
587 3771 657 3826 sunt,
709 3758 778 3831 quod
807 3759 945 3812 senectutis
968 3759 1100 3827 proprium
1122 3768 1173 3819 est,
1191 3775 1249 3808 rno-

121 3863 214 3897 omnes
227 3864 347 3916 procaces
360 3857 386 3899 et
407 3845 528 3916 superbos
545 3855 659 3898 remotos
708 3860 797 3895 rosum
809 3854 835 3893 et
846 3859 964 3894 serenum
974 3841 1000 3891 in
1014 3839 1131 3892 dicendo.
1151 3842 1247 3890 Forsan

121 3945 174 3980 esse
188 3927 254 3982 vult.
707 3927 875 3996 praegrandis
885 3923 1037 3994 dignitatem
1046 3923 1247 3994 spectatAristo-

157 4013 323 4068 taaAutaet
334 4020 476 4086 qur'cumque
487 4015 584 4084 adflate
598 4013 658 4068 Cra·
709 4011 814 4081 phanis,
830 4020 854 4062 et
867 4028 941 4062 serica
952 4021 1057 4062 vocatur
1070 4017 1174 4078 propter
1183 4017 1248 4060 tern-

121 4099 184 4148 tino.
198 4098 239 4149 Tu
254 4099 368 4167 quisquis
381 4097 425 4168 sis,
437 4100 481 4167 qui
495 4100 607 4166 adflatus
621 4115 659 4160 es,·
709 4115 776 4166 pus,
806 4115 857 4166 quo
883 4093 962 4157 vixit,
980 4103 1143 4147 remotuma
1168 4094 1252 4147 Persii

121 4180 154 4232 id
172 4192 210 4234 est
236 4181 264 4232 in
292 4199 370 4250 quem
397 4181 531 4253 ingenium
558 4182 659 4235 Cratini
711 4190 801 4235 aetate.
823 4179 920 4250 palles,
941 4177 1056 4230 studiose
1077 4175 1147 4249 legis.
1167 4181 1247 4247 Saepe

120 4263 194 4332 quasi
209 4265 328 4330 transiit,
345 4275 374 4317 ut
395 4281 481 4318 mores
499 4284 590 4335 pravos
613 4265 657 4318 ho·
710 4265 794 4336 pallor
813 4261 957 4332 praeludio
974 4261 1024 4314 acri
1040 4261 1152 4332 ponitur.

122 4347 276 4418 mistumque
302 4347 433 4402 stultitiam
459 4349 580 4418 carpendi
602 4359 655 4421 stp-
749 4352 803 4402 425.
817 4347 878 4400 bace
891 4365 925 4399 sc.
940 4363 1063 4416 quaeego
1077 4345 1171 4416 scripsi
1194 4346 1250 4397 De·

121 4429 167 4482 dio
180 4431 296 4496 ducaris,
310 4427 379 4500 quod
397 4432 424 4486 in
440 4441 526 4486 vetere
548 4434 658 4486 Graeco·
711 4451 812 4504 coquere
823 4441 861 4486 est
874 4432 1007 4500 minuere,
1019 4429 1167 4497 detrahere,
1188 4429 1248 4482 inde

224 4571 301 4643 It'v.
329 4572 356 4643 I.
649 4667 653 4685 ι
1072 4571 1143 4650 ilat
