3120 5494
529 441 680 502 sertus
716 441 775 498 lll.

1117 403 1210 530 397

97 647 322 749 Surgentem
341 644 475 720 dextro
492 644 710 718 monstravit
728 631 845 715 limite
866 623 1010 714 callem.

97 765 231 842 Stertis
251 761 404 837 adhuc?
423 761 624 862 laxumque
642 776 782 864 caput,
802 783 984 864 compage
1007 752 1155 844 soluta,

97 879 240 952 Oscitat
254 877 495 966 hesternum,
513 875 663 950 dissutis
681 871 852 976 undique
872 869 1007 944 malis?

97 1002 163 1070 Est
178 993 322 1098 aliquid
342 1019 419 1097 quo
438 989 584 1082 tendis,
601 1008 639 1064 et
656 992 696 1063 in
712 977 817 1094 quod
836 986 965 1088 dirigis
984 985 1142 1058 arcum?
1184 1018 1216 1066 ω

98 1115 158 1185 An
178 1113 313 1216 passim
329 1111 497 1213 sequeris
516 1133 649 1183 corvos
670 1123 840 1208 testaque
856 1103 1039 1206 lutoque,

98 1227 263 1300 Securus
282 1250 359 1328 quo
376 1251 441 1328 pes
460 1223 579 1314 ferat,
600 1239 714 1322 atque
734 1246 779 1294 ex
800 1237 971 1322 tempore
992 1216 1113 1289 vivis?

151 1337 398 1416 Helleborum
416 1336 570 1427 frustra,
588 1364 707 1441 quum
725 1338 796 1408 iam
812 1335 908 1412 cutis
922 1357 1032 1432 aegra
1047 1326 1221 1418 tumebit,

100 1570 157 1626 sula
170 1581 254 1624 uetus.
271 1571 372 1623 Primus
388 1569 469 1623 lineas
482 1568 556 1622 huius
567 1568 634 1621 ime-

100 1655 169 1726 pinis
189 1655 274 1707 sorsan
293 1653 364 1707 ducit
381 1651 489 1706 Hesiod.
511 1671 554 1722 op.
568 1661 594 1704 et
607 1651 634 1705 d.

102 1745 153 1794 286
178 1759 248 1810 seqq.
278 1742 348 1792 cuius
374 1739 461 1792 verbis
491 1736 636 1808 philosophi

100 1843 177 1893 saepe
195 1826 236 1876 assi
258 1833 332 1888 sunt,
349 1821 415 1875 Plat.
439 1820 538 1891 republ.
557 1824 588 1876 ll.
603 1825 635 1876 Τ.

102 1911 150 1961 Vl.
172 1927 196 1978 p.
217 1913 277 1960 220.
294 1906 335 1960 ed.
352 1908 453 1976 Bipont.
473 1907 635 1976 Xenophon,

102 1991 131 2044 in
152 1993 234 2044 Mem.
251 1994 323 2044 Socr.
341 1993 373 2054 11,
388 2001 410 2042 t.
425 1993 466 2042 20.
481 1989 544 2043 lude
563 1990 637 2042 falsu·

104 2073 156 2124 lam
174 2073 206 2126 de
225 2071 336 2125 Hercule
350 2081 512 2124 commentus
525 2081 563 2124 est
575 2073 636 2124 Pro-

17 2199 21 2208 ,
51 2219 54 2226 Ι
104 2157 193 2222 dicus,
207 2156 250 2227 qui
263 2155 359 2209 multos
371 2155 465 2208 deiude
479 2154 567 2208 habuit
579 2154 638 2206 imi·

104 2251 214 2295 latores:
237 2261 301 2311 quos
317 2241 409 2294 ordine
429 2250 545 2293 recenset
567 2228 637 2292 Zcuss

104 2325 165 2378 nius
177 2325 208 2378 ad
222 2325 343 2394 Xenoph.
361 2323 378 2376 l.
393 2343 416 2380 c.

139 2418 179 2466 5⁷.
199 2425 338 2482 uergentem
364 2410 469 2476 callem,
495 2407 592 2479 prosapiis
609 2404 639 2460 di

105 2495 149 2549 καὶ
163 2491 245 2566 ὄρθιος
261 2488 338 2566 οἶμος.
360 2492 464 2546 Hesiod.
485 2490 503 2544 l.
520 2510 542 2543 c.
563 2488 640 2542 lllum

105 2577 198 2632 callem
212 2577 321 2649 respexit
337 2577 454 2630 luvenal.
480 2576 513 2641 X,
524 2581 582 2628 363.
601 2613 607 2626 .

140 2667 180 2714 58.
204 2660 291 2714 Stertis
304 2661 405 2713 adhue?
425 2662 528 2712 Sensus:
547 2660 579 2709 Et
596 2669 639 2720 ιιι,

106 2763 184 2814 quem
202 2745 290 2798 deceat
310 2743 486 2816 philosophiae
510 2752 642 2813 praecepio

45 2881 50 2892 ,
105 2827 228 2898 sequi,ad
243 2847 324 2900 caque
339 2839 421 2881 totam
440 2827 520 2880 vitam
534 2845 642 2896 compo·

106 2931 186 2975 nere,
218 2912 390 2983 voluptatibus
414 2921 441 2964 et
467 2911 537 2964 vitiis
559 2910 642 2962 adhuc

109 2996 241 3050 inservis?
258 2989 315 3050 lloc
324 2997 453 3050 ebrietatis
468 2995 533 3049 vitio
543 3012 641 3064 expres-

108 3083 157 3145 sit,
181 3083 262 3152 iisque
286 3085 375 3146 malis,
393 3101 455 3151 quae
469 3081 600 3134 ebriorum
618 3089 644 3132 et

109 3167 212 3236 crapula
226 3166 399 3219 laborantium
421 3165 518 3218 adsidui
537 3163 644 3217 comites

110 3271 164 3304 csse
178 3251 269 3306 solent.
286 3253 417 3322 lanamque
436 3263 510 3321 caput
524 3267 644 3320 compage

110 3339 198 3388 soluta.
237 3337 365 3408 Graphica
396 3337 460 3389 ebrii
485 3332 642 3403 descriptio,

112 3420 184 3472 cuius
207 3431 282 3490 caput
306 3439 379 3473 mero
410 3430 545 3492 gravatum
571 3415 644 3486 quasi

112 3503 203 3555 laxatis
228 3502 289 3557 colli
315 3503 424 3557 vinculis
451 3501 501 3556 huc
535 3499 645 3570 illucque

113 3597 197 3640 nutat.

148 3667 190 3723 555.
214 3668 310 3722 Oscitat
322 3669 474 3734 hesternum,
491 3665 591 3719 exhalat
603 3682 646 3717 ve·

114 3765 197 3807 terem
211 3753 351 3824 crapulam.
371 3753 438 3806 lllud
449 3758 535 3806 oscitat
548 3748 643 3820 ampli·

115 3840 206 3892 ficatur
220 3838 322 3890 additor
344 3839 442 3888 dinastia
455 3837 560 3905 undique
575 3835 649 3884 naulis

116 3923 134 3973 i.
152 3939 176 3973 e.
190 3933 278 3990 aperto
302 3923 377 3974 rictu.
408 3919 491 3990 Magis
512 3917 650 3969 advirum

116 4006 182 4057 ebrii
203 4006 289 4076 imago
318 4005 459 4072 vinumque
483 3998 650 4055 edormiuntis

116 4090 231 4144 hominis
245 4091 352 4162 exprimi
365 4091 460 4160 nequit.
550 4133 560 4156 ,

154 4177 195 4225 60.
213 4193 261 4242 quo
274 4174 370 4239 tesselis,
389 4193 441 4241 quo
454 4170 541 4225 studes
558 4185 650 4239 perve-

119 4251 184 4307 nire.
206 4267 230 4305 et
243 4261 269 4305 ia
282 4255 349 4324 quod
367 4255 460 4324 dirigis
474 4272 564 4304 arcum.
589 4251 652 4301 Sen-

120 4351 176 4386 sus:
194 4333 303 4393 habesne
318 4325 417 4385 certum
433 4335 511 4384 linem
532 4330 651 4402 proposi·

121 4421 195 4484 lum,
217 4417 420 4488 constituistique
446 4435 578 4471 summum
603 4416 650 4469 bo-

685 1585 767 1633 num,
788 1563 973 1636 qualecumque
993 1560 1098 1616 tandem
1117 1559 1168 1628 sit,
1185 1557 1218 1614 ad

686 1650 756 1723 quod
769 1667 859 1703 omnes
880 1647 951 1700 vitae
971 1648 1083 1700 actiones
1103 1641 1219 1713 dirigas?

685 1738 717 1788 ln
741 1751 772 1786 eo
789 1741 977 1799 consenserunt,
993 1745 1084 1781 omnes
1102 1725 1217 1796 philoso-

685 1818 744 1888 phi,
762 1815 875 1869 hominis
889 1833 957 1881 esse,
981 1813 1010 1865 id
1026 1829 1119 1882 egere,
1144 1819 1173 1861 ut
1194 1827 1221 1860 se

686 1901 788 1954 felicem
802 1908 828 1951 et
847 1899 954 1950 beatum
968 1895 1074 1964 reddat;
1094 1911 1144 1963 qua
1159 1909 1222 1942 vero

686 1985 786 2038 ratione
808 1982 836 2051 id
864 1983 951 2044 lieret,
978 1977 1079 2032 scholae
1106 1977 1222 2028 diversas

688 2068 790 2121 diversa
816 2073 1014 2136 praeceperunt,
1036 2073 1062 2116 et
1085 2059 1223 2112 indenata

687 2151 873 2206 sententiarum
887 2152 915 2202 in
928 2165 1032 2200 summo
1043 2146 1113 2199 bono
1129 2141 1225 2198 consti·

686 2235 786 2290 t'uendo
805 2234 951 2297 diversitas,
967 2231 1000 2284 de
1022 2249 1072 2299 qua
1086 2227 1176 2280 Cicero
1194 2225 1223 2278 in

689 2318 755 2372 libro
768 2317 800 2371 de
814 2317 907 2370 finibus
926 2315 986 2386 agit.
1013 2313 1054 2364 Ad
1066 2309 1132 2362 illud
1146 2309 1224 2372 ellac,

689 2412 719 2455 ut
732 2401 826 2453 Graeci
840 2405 947 2460 vocant,
960 2398 1056 2454 linem,
1069 2403 1224 2452 extremum,

689 2501 822 2540 summum
853 2481 967 2542 bonum,
992 2477 1086 2530 Noster
1113 2483 1224 2544 spectat,

690 2567 758 2638 quod
782 2563 971 2633 unusquisque,
993 2559 1081 2630 quiin
1106 2556 1229 2610 omnibus

691 2652 765 2706 dictis
778 2649 901 2718 factisque
918 2665 964 2717 per
977 2657 1056 2698 totam
1069 2643 1149 2696 vitam
1163 2659 1225 2694 eon-

692 2734 815 2790 stantiam
839 2749 942 2785 servare
968 2727 1047 2790 velit,
1068 2725 1115 2778 sibi
1130 2743 1225 2794 propo·

692 2835 755 2871 nere
767 2815 851 2868 debet.
869 2813 965 2864 Seneca
980 2811 1059 2878 Epist.
1074 2811 1115 2859 20.
1138 2805 1228 2859 Vnam

692 2901 782 2964 semel,
795 2901 831 2950 ed
841 2917 916 2968 quam
931 2897 1018 2958 vivas,
1029 2891 1143 2962 regulam
1154 2907 1228 2958 preu-

693 2990 743 3050 de,
768 2997 792 3038 et
809 2985 844 3036 ad
864 2983 928 3034 harre
945 2997 1043 3032 ommm
1064 2981 1142 3029 vitam
1163 2985 1230 3025 tuom

694 3087 811 3139 exaequo.
824 3065 894 3120 conl.
907 3065 989 3117 Marc.
1013 3062 1137 3113 Antonin.
1148 3059 1179 3123 lt,
1193 3063 1221 3110 7.

728 3154 767 3202 tt.
787 3147 832 3203 An
842 3149 936 3216 passim
948 3143 1054 3212 sequeris
1061 3160 1153 3193 corvos.
1167 3139 1231 3190 Sen-

695 3253 752 3286 sus:
781 3231 822 3283 An
841 3227 943 3282 nullum
969 3225 1048 3278 hahes
1071 3222 1230 3293 propositum

694 3311 854 3376 eertum,sed
869 3309 947 3362 inodo
960 3309 1010 3359 huc
1023 3303 1170 3357 modoilluc
1179 3321 1226 3356 va-

695 3419 756 3470 gare
775 3397 869 3451 frustra
892 3393 1011 3447 laborans
1034 3390 1062 3442 in
1082 3387 1232 3459 adpetendis
1330 3399 1332 3402 ·

695 3483 743 3545 iis,
757 3499 822 3551 quae
834 3477 883 3532 tibi
894 3477 960 3529 bona
974 3473 1006 3526 ad
1019 3482 1122 3540 tempus
1132 3468 1230 3520 videns

696 3577 753 3631 tur,
768 3579 797 3618 ut
809 3563 884 3634 pueri
898 3562 925 3614 in
943 3557 1034 3612 avibus
1048 3554 1102 3608 luto
1118 3563 1233 3621 testaque

697 3647 824 3722 petendis.

731 3737 773 3786 62.
792 3729 895 3784 Secusses
907 3747 954 3799 quo
967 3726 1099 3797 presserat,
1111 3739 1165 3774 non
1177 3717 1230 3773 sol·

699 3818 801 3881 licitus,
812 3831 863 3883 quo
878 3819 1049 3882 perventurus
1062 3805 1104 3858 sis.
1117 3817 1189 3874 atqrse
1202 3821 1234 3854 ex

699 3917 808 3970 tempore
828 3899 902 3949 vivis.
922 3891 1050 3964 propositq
1067 3907 1113 3960 pro
1127 3897 1234 3956 tempo-

699 4003 760 4036 rum
773 3981 871 4034 ratione
889 3988 989 4042 mutas,
1003 3974 1079 4027 rebus
1093 3969 1233 4042 praesenti·

700 4069 748 4122 hus
765 4078 791 4120 te
805 4061 994 4117 adcommodare.
1143 4121 1146 4130 Ι

736 4169 844 4218 63-76,
860 4165 890 4213 In
904 4155 1025 4211 tollendis
1046 4151 1115 4207 vitiis
1132 4157 1235 4202 mature

703 4256 740 4298 est
753 4237 972 4301 adlaborandum,
985 4253 1033 4302 ne,
1046 4249 1127 4301 quum
1142 4229 1169 4280 iu
1182 4227 1237 4280 ani-¹

704 4329 753 4380 mis
768 4323 860 4379 uostris
880 4319 1097 4383 inveteraverim,
1110 4312 1237 4383 altiusque

704 4411 802 4465 radices
826 4409 939 4481 egerint,
964 4404 1059 4459 frustra
1080 4397 1236 4453 medicinam
