3028 5492
607 341 650 436 .'
689 373 746 440 na
780 379 943 442 serrare

259 337 310 444 ls

260 589 291 642 et
309 576 383 644 scita
401 575 600 654 tractatione,
618 585 688 664 apta
707 579 786 642 serie
804 586 837 642 et
857 577 1058 644 collocatione
1071 599 1179 644 serum
1194 577 1395 648 et‘cratio'nis

259 675 298 738 sd
318 698 366 740 esa
386 675 667 740 accommodatione
697 678 922 742 continebatur.
955 679 1040 742 Haec
1073 680 1211 761 corrupti
1234 679 1393 742 sermonis

259 773 392 847 indoles,
414 773 488 836 haec
508 759 665 836 oratorum'
687 781 909 857 poetarumque
941 780 1059 851 oratio,
1091 784 1292 840 consentanea
1325 783 1394 838 erat

259 870 350 952 genio
369 869 447 932 illius
467 871 548 947 aeri,
569 892 631 953 quo
654 871 793 934 homines
817 873 849 932 in
870 871 934 935 dies
962 873 1058 954 magis
1085 895 1101 934 ι
1130 883 1237 934 natura
1256 871 1394 936 recede-

168 977 170 988 ’
259 966 542 1051 bant,eorumque
562 967 684 1050 ingenia
706 989 769 1029 uon
790 968 919 1051 amplius
945 969 1085 1051 diligenti
1115 971 1308 1032 Graecorum
1338 969 1394 1030 le·-

259 1064 362 1124 ctione
395 1073 426 1124 et
454 1073 593 1128 accurata
616 1064 766 1126 humanae
795 1075 921 1128 naturae
943 1085 1109 1148 rerumque
1130 1065 1306 1148 cognitione
1326 1064 1392 1128 ale-

258 1159 386 1236 bantur,
406 1157 460 1220 sed
481 1162 748 1242 grammaticorum
762 1162 995 1246 rhetorumque,
1009 1162 1191 1224 stolidorum
1208 1161 1393 1248 plerumque

258 1255 356 1317 inanis
377 1255 533 1318 doctrinae
554 1266 795 1334 ostentatorum,
828 1259 1023 1320 institutione
1048 1267 1243 1341 praepostera
1262 1268 1294 1320 et
1313 1261 1392 1320 assi·

257 1351 316 1415 dus
336 1351 527 1414 declamandi
547 1353 757 1436 recitandique
777 1355 999 1416 consuetudine
1021 1355 1245 1417 formabantur.
1259 1364 1304 1430 (r)

296 1448 353 1510 His
373 1448 563 1532 temporibus
584 1449 687 1512 vixere
711 1449 855 1526 Persius,
876 1452 930 1534 qui
950 1472 1045 1514 annos
1075 1453 1127 1514 vix
1154 1449 1385 1534 duodetriginta
1430 1482 1434 1491 ·

256 1551 343 1606 natus
364 1543 440 1606 obiit
459 1565 543 1605 nono
564 1544 686 1628 imperii
708 1545 840 1607 Neronis
861 1568 961 1621 anno,
979 1558 1010 1609 et
1023 1545 1200 1623 luvenalis,
1220 1547 1274 1629 qui
1293 1555 1382 1606 octo-

256 1639 397 1722 genarius
417 1639 455 1700 ah
477 1639 632 1702 llsdriano
652 1642 683 1702 in
709 1644 886 1726 Aegyptum
906 1644 1016 1706 missus
1036 1654 1067 1706 et
1087 1643 1182 1728 paulo
1204 1654 1272 1724 post
1292 1664 1385 1703 mor-

255 1746 324 1798 tuus
344 1745 397 1798 est.
418 1735 496 1812 llle,
519 1737 686 1798 Volaterris
701 1737 731 1798 in
755 1741 875 1802 Etruria
896 1741 993 1802 nobili
1015 1762 1126 1822 genere
1146 1749 1235 1802 natus
1254 1741 1389 1823 opibus-

256 1854 316 1918 que
337 1834 454 1916 magnis
474 1834 664 1911 innutritus,
686 1846 788 1920 postea
809 1838 923 1898 Itomae
943 1837 1104 1921 disciplina
1124 1859 1194 1900 usus
1214 1847 1260 1900 est
1277 1835 1388 1900 Palae-

290 2094 332 2160 (4)
340 2088 426 2160 Digna
438 2099 496 2142 sisnt
506 2107 571 2158 quiae
582 2089 706 2142 iuvenum
716 2107 791 2142 carisa

254 2173 434 2226 adscribantur
454 2173 534 2226 verba
549 2174 663 2227 Petronii
681 2177 734 2226 Sat.
752 2193 790 2242 pr.

257 2276 267 2308 u
280 2257 350 2310 Num
375 2256 425 2309 alio
444 2276 539 2328 genere
559 2257 687 2310 furiarum
708 2257 791 2309 ‹leola-

253 2351 364 2394 mntores
380 2341 565 2410 inquietantur,
577 2343 620 2410 ιμιί
634 2341 790 2394 clamant:-

251 2425 449 2492 Ilacc,vulnera
473 2447 522 2498 pro
544 2427 662 2480 libertate
689 2426 790 2498 publica

252 2513 355 2583 excepi,
375 2513 445 2566 hunc
461 2513 567 2566 oculum
582 2533 629 2585 pro
644 2513 717 2568 vobis
739 2514 790 2564 irn-

250 2589 788 2669 pendii-Haecipsa'tolerabiliaessent,

251 2681 272 2746 si
291 2683 322 2734 ad
338 2683 513 2751 eloquentiam
534 2683 609 2736 ituris
631 2684 700 2736 viam
716 2683 785 2734 saee-

252 2777 327 2819 rent:
341 2777 450 2820 nuncet
466 2786 555 2820 rerum
574 2779 677 2820 tumore
692 2778 717 2820 et
731 2785 787 2819 sen·

252 2850 392 2902 tentiarum
425 2850 566 2908 vanissimo
601 2850 709 2919 strepitu
740 2849 788 2902 hoc

251 2941 351 2984 tanturn
364 2932 556 3002 proliciunt‚ut,
565 2951 647 3002 quum
661 2933 688 2984 in
701 2933 788 2986 sorurn

252 3020 387 3081 venerint,
404 3027 496 3087 putent
510 3037 535 3070 sc
553 3017 580 3069 in
608 3018 690 3070 aliurn
711 3029 789 3071 terra·

250 3120 311 3155 rum
322 3102 414 3155 orbem
425 3101 531 3156 delatos.
545 3105 579 3154 Et
592 3102 652 3155 ideo
665 3123 713 3174 ego
728 3103 788 3156 ado·

252 3185 408 3242 lescentulos
425 3186 545 3240 existimo
563 3185 590 3238 in
616 3187 710 3240 scholis
729 3185 790 3240 stul-

252 3272 366 3326 tissimos
378 3273 451 3337 lieri,
465 3272 525 3341 quis
539 3269 605 3324 nihil
618 3272 708 3336 exiis,
722 3291 788 3340 quae

252 3355 281 3410 in
307 3374 355 3410 usu
373 3354 513 3422 habemus,
533 3368 576 3410 aut
597 3356 721 3420 audiiset,
744 3366 788 3410 aut

250 3439 360 3494 vident:
375 3441 419 3494 sed
433 3441 526 3510 piratas
540 3443 704 3494 cumcatenis
718 3440 745 3492 in
760 3440 787 3494 li·

248 3535 305 3578 tore
325 3535 421 3580 stantes
434 3537 460 3580 et
477 3537 603 3597 tyrannos
619 3525 700 3578 edicta
724 3529 786 3580 scri·

247 3609 352 3676 bentes,
366 3609 458 3680 quihus
470 3609 600 3679 imperent
613 3609 672 3663 liliis
680 3651 688 3678 ‚
702 3621 730 3663 ut
742 3631 786 3682 pa·

249 3704 321 3746 trum
339 3713 447 3747 sucrum
465 3694 546 3763 capita
563 3695 726 3764 praecidant3
741 3697 786 3750 scd

248 3795 370 3846 responsa
391 3779 419 3830 in
435 3776 581 3847 pestilentia
599 3777 671 3844 data,
687 3789 716 3832 ut
735 3779 786 3832 vir·

248 3861 322 3931 gines
348 3872 402 3914 tres
428 3871 473 3914 sut
490 3859 576 3929 plures
599 3861 784 3929 immolentur3

247 3942 292 3997 sed
319 3941 432 3996 mellitos
450 3943 592 3998 verborum
618 3944 737 4015 globulos
760 3957 786 4000 et

247 4027 336 4082 omnin
357 4027 423 4082 dicta
438 4027 555 4098 lacteque
568 4029 641 4099 qnasi
658 4047 785 4099 papavere

246 4119 273 4162 et
286 4128 387 4168 sesamo
405 4131 500 4182 sparsa.
520 4113 571 4184 Qui
586 4113 655 4168 inter
667 4113 730 4166 haec
739 4132 785 4166 nu-

247 4193 378 4262 triuntur,
395 4214 449 4248 non
464 4196 547 4268 magis
559 4215 649 4268 sapere
660 4209 769 4268 possunt
777 4240 786 4266 ‚

247 4281 328 4349 qnam
345 4278 411 4332 bene
424 4278 511 4346 olere,
527 4281 613 4352 quiin
637 4280 722 4336 culina
737 4277 784 4352 ha-

246 4363 337 4420 bitant.
374 4366 442 4420 Pace
468 4377 555 4421 vestra
574 4365 650 4421 liceat
674 4367 784 4435 dixisse,

244 4451 326 4536 pelusi
336 4451 463 4512 unciaru
475 4452 651 4530 eloquentiam
667 4453 787 4534 petitia

841 2091 896 2142 stis.
923 2089 1035 2142 Leuibus
1060 2091 1133 2142 enirn
1158 2101 1236 2164 atque
1254 2090 1387 2164 inanibus

840 2173 910 2226 sonis
925 2174 1035 2227 ludibria
1053 2177 1180 2249 quaedum
1195 2163 1330 2232 excitando
1342 2177 1381 2228 el-

841 2259 951 2320 secistis,
970 2271 997 2310 ut
1015 2279 1106 2333 corpus
1122 2261 1246 2316 orationis
1267 2280 1379 2313 enerva-

841 2352 912 2394 retur
928 2351 953 2395 ct
978 2343 1090 2396 caderet.
1117 2345 1242 2398 Nondum
1271 2344 1383 2397 iuvenes

841 2425 1068 2479 declamationibus
1078 2428 1288 2494 conterebantur,
1298 2446 1385 2497 quum

841 2509 978 2580 Sophocles
999 2523 1042 2564 aut
1062 2511 1196 2580 Euripides
1217 2515 1381 2566 invenerunt

841 2595 936 2660 verba,
951 2594 1045 2662 quibus
1063 2595 1187 2648 deberent
1200 2594 1279 2664 loqui.
1314 2596 1386 2650 Non·

841 2677 904 2730 dum
917 2679 1076 2732 umbraticus
1089 2678 1181 2731 ductor
1193 2679 1297 2750 ingenia
1312 2677 1384 2732 dele·

841 2774 930 2827 reret,
969 2782 1052 2836 quum
1080 2763 1208 2816 Pindarus
1232 2783 1386 2834 novemque

842 2846 930 2918 Lyrici
944 2847 1089 2900 Homericis
1109 2848 1224 2901 versibus
1240 2839 1332 2901 canere
1344 2848 1384 2900 ti-

841 2941 972 2984 muerunt.
1002 2933 1035 2984 Et
1053 2951 1086 2984 ne
1109 2935 1196 3002 politas
1218 2932 1324 3002 quidem
1348 2931 1386 2986 ad

840 3016 1022 3070 testimonium
1034 3015 1127 3082 citem,
1141 3028 1209 3070 certe
1227 3035 1310 3087 neque
1324 3015 1386 3069 Pla-

841 3111 921 3168 tona‚
939 3119 1021 3170 neque
1044 3103 1248 3154 Demosthenem
1274 3101 1306 3154 ad
1334 3101 1386 3155 hoc

840 3203 923 3255 genus
947 3185 1135 3240 exercitationis
1149 3189 1281 3241 accessisse
1293 3186 1384 3242 video.

839 3272 954 3326 Grandis
974 3283 1017 3336 et,
1044 3283 1074 3326 ut
1095 3272 1130 3326 ita
1159 3273 1262 3338 dicarn,
1291 3273 1388 3342 pudica

839 3352 923 3405 oratio
941 3371 994 3405 non
1008 3364 1046 3406 est
1058 3351 1190 3406 maculosa
1205 3372 1253 3406 nec
1271 3351 1385 3424 turgida,

838 3438 884 3490 sed
907 3437 1020 3492 naturali
1046 3438 1240 3510 pulchritudine
1258 3438 1384 3509 exsurgit.

838 3523 928 3591 Nuper
941 3534 1049 3576 ventosa
1061 3523 1158 3576 isthaec
1172 3533 1197 3575 et
1215 3525 1330 3578 enormis
1343 3521 1384 3574 lo-

839 3605 956 3676 quacitas
969 3605 1085 3660 Athenas
1099 3626 1129 3659 ex
1143 3606 1205 3659 Asia
1226 3605 1384 3676 commigra-

839 3692 877 3744 vit
896 3691 1058 3760 'animosque
1083 3690 1209 3743 iuvenum
1230 3689 1261 3743 ad
1284 3707 1385 3760 magna

836 3787 974 3846 surgentes
994 3775 1077 3829 veluti
1107 3774 1238 3846 pestilenti
1264 3775 1383 3844 (modam

837 3862 921 3916 sidere
949 3864 1060 3927 afflavit,
1097 3861 1228 3934 simulque
1260 3872 1384 3932 corrupta

837 3947 1001 4017 eloquentiae
1012 3933 1103 4016 regula
1117 3945 1186 4000 stetit
1207 3955 1232 4000 ct
1250 3945 1384 3998 obmutuit

837 4031 904 4098 Quis
917 4042 1004 4100 postea
1013 4030 1044 4084 ad
1060 4047 1192 4082 summam
1204 4028 1380 4102 Thucydidis,

838 4115 895 4186 quis
912 4115 1052 4190 Hyperidis
1069 4115 1216 4170 adsumam
1237 4113 1380 4184 processit?

838 4201 877 4256 Ac
896 4221 929 4254 ne
947 4219 1053 4256 carmen
1076 4197 1183 4272 quidem
1210 4201 1266 4254 sani
1285 4197 1380 4252 coloris

839 4285 949 4353 enituit,
965 4285 1009 4340 sed
1024 4285 1115 4338 omnia
1129 4285 1202 4356 quasi
1215 4283 1309 4337 eodem.
1321 4281 1380 4338 cibo

835 4383 906 4443 pasta
915 4389 968 4424 non
982 4367 1250 4442 potueruntusquead
1262 4375 1379 4424 senectu-

836 4467 891 4516 tem
904 4473 1039 4516 canescere
1053 4467 1123 4514 ests
