3108 5494
525 381 677 442 4444444
713 381 771 442 44.
1189 352 1250 480 59

128 577 220 631 4444444
236 577 278 630 illi
299 579 420 630 1444444444
446 575 610 642 (its-¹22.
622 575 651 646 ),
669 575 839 641 1414444414,
856 580 901 648 qai
917 577 1003 633 divino
1018 581 1094 652 paui
1109 581 1197 652 spirim
1211 587 1256 636 14-

119 657 698 729 ι14444444441414444νῖ(42344444044444
714 657 892 714 edanum
904 674 959 714 4444
974 675 998 714 ee
1014 680 1093 732 quam
1109 663 1256 718 4444544414

125 743 325 812 partitam
341 746 431 794 444444
443 737 543 792 heiria
559 749 584 791 44
599 737 711 808 crispini
728 741 845 812 (4-44.
865 745 922 797 444.
941 744 1036 811 tou),
1055 755 1080 796 ee
1095 743 1256 808 Domitiani,

126 841 216 876 omnes
237 823 345 875 navent
370 833 492 874 4444444444
519 821 585 874 ordis
611 821 719 874 delicias
742 823 789 874 ribi
811 823 966 878 vindicastis
988 826 1046 893 <28
1072 842 1125 898 seq.
1148 831 1181 879 45
1204 845 1255 898 rep.

74 947 76 952 ,
129 905 181 953 436
196 902 274 973 aeq.)
284 939 294 964 ,
313 899 455 953 delatomm
477 900 623 972 improbitas
639 902 691 968 (47
710 918 762 972 req.
779 915 803 955 et
821 905 910 972 4414),
934 903 1098 974 Imperaerton'r
1112 909 1217 959 saevitia
1230 917 1257 958 d

126 998 214 1052 nugae
239 984 392 1049 (ts-⁴⁰³.
409 993 434 1034 44
452 987 501 1036 450
525 983 614 1051 rep),
631 983 724 1034 servile
741 985 868 1056 irrgerriwrr
881 997 905 1037 44
921 985 1036 1039 mutare
1051 989 1114 1038 44144
1130 986 1257 1039 huruuua

127 1075 185 1116 rm
209 1060 300 1135 infimo
324 1080 400 1133 quam
422 1079 518 1117 mm
543 1063 600 1116 ιο..
615 1067 751 1118 mamm?
769 1064 1021 1131 <es-rr.rs-ai.
1040 1068 1205 1135 444-444.)
1222 1095 1257 1108 -

129 1143 247 1198 Satirem
262 1145 326 1198 144444
342 1155 399 1214 port
416 1143 558 1196 Domitimr'
575 1156 681 1197 monem
697 1147 818 1216 miptm
833 1165 902 1210 4444,
920 1167 954 1202 ex
968 1166 997 1202 v.
1016 1153 1074 1204 453.
1090 1161 1116 1202 et
1135 1153 1196 1204 454.
1212 1153 1253 1202 ir·

127 1226 274 1298 colligum,-
290 1225 337 1278 red
351 1233 400 1296 que
415 1243 500 1291 44444,
516 1244 568 1279 nou
581 1227 669 1300 liquet.

127 1600 253 1737 Eece
267 1659 407 1732 iterum
424 1655 638 1762 Crispinus;
659 1671 698 1730 et
718 1675 774 1731 est
791 1657 880 1731 mihi
900 1683 1010 1762 saepe
1029 1657 1220 1738 vocandus

128 1773 192 1848 Ad
211 1791 354 1877 partes,
371 1789 583 1850 monstrum
601 1770 708 1846 nulla
727 1775 868 1850 virtute
888 1773 1100 1851 redemtum

54 1929 57 1936 ,
105 1967 109 1977 ⁴
129 1891 305 1979 Avitus,
324 1915 436 1992 aeger
453 1887 610 1992 solaque
631 1885 789 1962 libidine
806 1887 937 1966 fortis:

129 2003 294 2082 Delicias
314 2005 449 2082 viduae
468 2021 616 2080 tantum
642 2021 867 2110 aspernatur
890 2005 1052 2082 adulter.

132 2121 236 2217 Quid
255 2121 375 2198 refert
391 2123 530 2226 igitur,
548 2124 700 2226 quantis
718 2125 886 2198 iumenta
902 2121 1033 2226 fatiget
1241 2166 1256 2212 ς

133 2238 377 2316 Porticibus?
395 2255 540 2342 quante
559 2263 757 2314 nemorum
774 2255 945 2315 vectetur
962 2242 1005 2313 in
1023 2235 1191 2317 4444444441

134 2355 271 2456 Iugera
290 2369 385 2459 quot
401 2357 527 2455 vicina
543 2352 656 2445 fore,
678 2367 774 2457 quas
792 2357 926 2429 emerit
942 2355 1081 2432 aedes?

140 2471 259 2546 Nemo
275 2471 392 2547 malus
410 2469 524 2561 felin
543 2469 694 2546 minime
714 2489 919 2576 corruptor
935 2489 974 2546 et
993 2472 1094 2548 idem

140 2588 326 2679 Incestus,
344 2613 430 2662 cum
448 2613 527 2692 quo
548 2613 674 2692 nuper
691 2589 821 2664 vittata
839 2586 986 2662 iacebat

137 2705 327 2808 Sanguine
347 2705 471 2782 adhuc
488 2708 573 2784 vivo
592 2723 732 2781 terrem
752 2705 922 2781 subitura
941 2703 1128 2782 sacerdos.
1222 2743 1253 2792 10

138 2821 210 2896 Sed
229 2847 333 2896 nune
352 2821 400 2898 de
419 2819 526 2897 factis
545 2821 772 2900 levioribus:
792 2839 975 2896 ettamen
994 2820 1090 2896 alter

139 2939 179 3014 Si
195 2939 343 3016 fecisset
359 2937 482 3033 idem,
503 2938 657 3014 caderet
675 2939 747 3014 sub
761 2939 887 3014 iudice
906 2965 1065 3016 morum.

138 3057 229 3132 Nam
249 3056 356 3162 quod
374 3075 487 3162 turpe
507 3056 639 3149 bonis,
658 3057 758 3133 Titio
776 3057 960 3161 Seioque,
978 3054 1138 3138 decebat

171 3269 195 3312 4.
218 3257 292 3312 adest
308 3257 399 3327 (quasi
418 3257 446 3310 in
463 3260 559 3326 444444)
585 3275 634 3328 pro
647 3267 673 3309 44
723 3257 795 3329 prod
818 3275 870 3310 non
888 3253 954 3310 411444
973 3273 1006 3310 eo
1031 3256 1114 3311 rerba
1133 3273 1196 3310 444444
1211 3265 1258 3310 444.

136 3353 172 3394 at
189 3347 214 3394 2.
237 3349 262 3396 3.
281 3347 354 3395 4-7.
379 3346 463 3395 44444.
483 3346 523 3394 45.
548 3348 588 3395 46.
607 3345 672 3393 49-
723 3341 774 3396 Sed
787 3342 919 3413 deponens
935 3359 989 3396 4444
1005 3351 1106 3413 potest,
1127 3341 1159 3395 ab
1175 3341 1258 3398 4441444
1323 3387 1326 3394 .

137 3430 180 3479 22.
195 3429 308 3479 25-24.
322 3429 431 3480 56-40.
450 3431 492 3478 65.
510 3433 536 3476 44
550 3421 673 3494 permulti
722 3410 835 3492 4444444444
863 3425 1019 3490 deductum,
1053 3436 1080 3481 et
1104 3436 1169 3496 quot
1198 3434 1259 3492 444444

57 3515 71 3536 ‘
89 3578 92 3584 ¹
134 3509 212 3564 codd.
232 3509 311 3564 Paris.
329 3511 401 3562 adest
419 3522 444 3562 44
460 3521 497 3562 444
511 3515 554 3564 45.
578 3509 673 3562 Νο4444
723 3505 795 3571 ἅπαξ
809 3506 955 3577 14γὸ4444441

135 3594 215 3648 lertio
228 3605 268 3646 444
281 3593 389 3646 doctior.
759 3597 783 3645 8.
819 3589 945 3661 Hymettia
982 3601 1110 3660 comptor
1145 3587 1259 3642 4444141444

170 3683 197 3731 2.
216 3679 251 3729 Ire
265 3691 350 3748 parter
368 3677 522 3730 tta-nulla
537 3688 673 3729 manarum
723 3674 834 3744 Schegk.
848 3677 940 3726 mimae
952 3687 1080 3744 corruptor
1092 3670 1259 3740 ruoperieuio

137 3767 181 3817 40.
195 3763 359 3818 concinnius.
723 3755 775 3829 legi
798 3756 903 3809 iubebat
927 3759 1025 3826 Seoppa
1050 3756 1136 3808 Veris.
1162 3761 1191 3818 4,
1217 3758 1259 3808 40.

169 3853 196 3901 ³.
223 3865 317 3918 aegrae
341 3847 441 3916 solaque
465 3845 569 3898 libidine
592 3843 674 3916 fimes
725 3844 854 3897 Neutrum
865 3838 955 3895 44441414
971 3839 1102 3894 arridebit.
1260 3837 1262 3842 ’

135 3929 267 3997 Deliciae,
282 3931 372 3983 viduas
388 3935 470 3984 4448.
549 3936 554 3946 “
758 3931 800 3978 44.
818 3929 927 3980 444463.
943 3927 1203 3978 67.58.74-74.44
1221 3931 1260 3975 ta·

171 4019 197 4067 4.
211 4013 312 4066 44444144
328 4013 395 4066 sorte
409 4011 459 4084 leg.
473 4013 631 4082 providear,
643 4017 674 4064 444
723 4013 831 4064 444422.
1134 4017 1144 4036 “

137 4093 353 4151 anuntiant.
374 4099 422 4148 sit:
448 4111 540 4149 omnes
563 4102 674 4146 44444444
761 4091 913 4146 4241441144
925 4094 967 4146 26.

137 4179 281 4246 mulieres,
295 4183 408 4253 exeeptis
420 4191 522 4234 tantum
537 4177 675 4233 44444114-
763 4183 803 4231 43.
827 4173 944 4248 Ser-iorpoe
961 4180 986 4229 9.
1008 4177 1046 4228 40.
1069 4177 1176 4227 44-47.
1190 4175 1256 4226 49-

137 4279 269 4338 epemrw
294 4274 317 4319 4.
341 4272 365 4321 8.
384 4272 492 4321 56-70.
514 4269 556 4319 75.
576 4269 616 4318 76.
631 4268 673 4318 82.
727 4265 767 4314 24.
788 4263 830 4314 45.
848 4265 889 4314 49.
911 4265 953 4313 54.
973 4264 1013 4312 56.
1032 4261 1075 4311 57.
1092 4261 1201 4312 59-63.
1215 4259 1259 4310 65.

140 4367 188 4401 uec
204 4366 261 4401 non
281 4347 390 4420 quidam
409 4345 484 4402 codd.
503 4345 583 4401 Paris.
604 4346 674 4397 etin
725 4349 833 4401 67-69.
848 4341 1260 4423 7⁴-7³.arXXX111e0dd.Pe7

141 4429 182 4486 1414
197 4433 255 4489 rur.
269 4432 341 4488 114444
351 4431 418 4488 torte
431 4429 507 4488 144414
519 4441 545 4486 44
559 4437 674 4493 mauu,
726 4428 771 4486 414.
796 4426 868 4499 quod
892 4443 946 4482 non
967 4435 1066 4480 temere
1089 4420 1259 4480 reiieiendum
