3120 5494
787 364 939 440 ,4444444

329 567 383 640 Te
402 566 532 667 Lupe,
552 579 591 638 te
610 564 734 652 Muci,
754 579 792 635 et
812 567 1019 666 genuinum
1038 565 1153 670 fregit
1169 571 1207 640 in
1226 566 1320 642 illm-
1398 609 1444 656 „5

328 689 448 757 Omne
467 679 571 758 valer
591 684 721 756 vitium
735 680 875 756 ridenti
895 679 1052 757 Flaccus
1071 687 1191 758 antico

327 803 486 903 Tangit,
506 815 545 872 et
562 797 741 873 admissus
758 801 900 874 circum
921 801 1145 904 praecordia
1165 802 1286 894 ludit,

326 915 492 994 Callidus
509 942 666 992 excusso
683 915 868 1022 populum
888 919 1120 1024 suspendere
1140 949 1241 997 naso.

325 1035 1446 1145 Men’mutirenefas‚necclam‚neccumscrobelaNusquamu

325 1155 394 1228 Hic
413 1169 538 1229 tamen
557 1151 752 1230 infodiam.
779 1151 876 1247 vidi,
895 1151 972 1231 vidi
992 1155 1092 1257 ipse,
1111 1153 1263 1246 libelle,
1399 1195 1445 1246 uo
1479 1217 1482 1226 .

325 1267 523 1346 Auriculas
544 1269 638 1344 asini
657 1267 760 1354 Mida
779 1269 846 1343 rex
866 1267 993 1344 hahet.
1012 1269 1084 1345 boc
1103 1297 1172 1375 ego
1192 1289 1391 1376 opertum,

360 1501 418 1548 445.
428 1495 467 1548 Te
487 1493 572 1564 Lupe,
593 1506 618 1546 te
639 1495 720 1548 Muti.
738 1494 821 1564 lemn
837 1503 863 1548 et
912 1497 1023 1548 Graece.
1039 1495 1189 1568 Stupendsre
1201 1500 1309 1568 oliorum
1319 1517 1448 1553 nonnum·

325 1582 422 1632 Mutius
453 1587 555 1648 propter
579 1578 648 1632 vitae
671 1577 861 1648 turpitudinem
912 1597 990 1648 quam
1008 1591 1064 1643 est,
1082 1581 1243 1635 confundere
1260 1583 1392 1653 aliquem,
1412 1588 1447 1638 la·

324 1663 862 1730 insamesllomanocunsproceres,inquos
912 1681 978 1728 cere,
993 1673 1023 1716 ut
1041 1663 1136 1736 aliquis
1152 1667 1258 1730 nesciat,
1273 1668 1335 1736 quid
1353 1669 1443 1734 saciat,

324 1741 425 1817 lingello
443 1743 558 1796 Lucilius
577 1761 650 1814 saepe
667 1743 791 1798 insonuit.
810 1764 857 1815 ge·
912 1746 1008 1818 quidve
1021 1747 1096 1803 dicat.
1111 1751 1165 1804 lloc
1180 1754 1293 1804 4444414444
1307 1753 1362 1804 sieri
1374 1752 1445 1819 solet,

324 1833 424 1880 stolorum
433 1828 537 1899 fregit,
555 1825 648 1878 sortius
661 1846 739 1895 quam
760 1829 861 1880 donem
911 1850 993 1904 quarm
1011 1832 1106 1906 aliquis
1125 1835 1205 1888 lucete
1226 1835 1296 1890 dicto
1316 1837 1348 1889 ab
1363 1837 1444 1892 altero

323 1911 440 1975 inlidere,
460 1903 529 1984 quod
554 1907 630 1964 habet
643 1913 732 1964 Horat.
745 1915 798 1965 Sat.
816 1913 860 1976 11,
910 1917 1043 1988 pungitur,
1056 1916 1162 1989 aliisque
1175 1918 1259 1970 cisum
1273 1919 1385 1989 praeiet,
1398 1931 1441 1974 sut

325 2003 349 2048 4.
372 2005 420 2062 7⁷3
436 1993 615 2047 firmissimum
636 1994 742 2048 dentem
764 1995 858 2066 fregit,
910 2017 992 2069 quum
1009 1999 1140 2054 fastidiose
1158 2000 1190 2053 ab
1203 2001 1290 2072 aliquo
1303 2003 1447 2072 excipitur,

324 2077 342 2131 i.
359 2098 381 2132 e.
403 2077 476 2131 omni
497 2077 665 2132 mordacitate
685 2089 710 2132 et
723 2077 860 2132 acerbitate
909 2101 1015 2152 seseque
1040 2093 1219 2155 contemptim
1243 2097 1269 2139 et
1296 2087 1443 2159 despectum

325 2165 353 2217 in
368 2163 430 2216 istos
447 2180 508 2214 usus
521 2171 568 2213 eat·
909 2164 1076 2220 sentitrlllud
1091 2165 1131 2218 bic
1150 2165 1235 2220 locum
1257 2167 1343 2232 babet,
1361 2189 1444 2238 quant

361 2252 417 2298 446.
436 2247 526 2316 ηψπ,
547 2243 669 2312 callidus,
690 2243 855 2311 sollers5ar·
909 2245 1042 2300 adiiciatur
1072 2269 1174 2303 atussa
1202 2270 1265 2305 rsaso
1289 2255 1307 2304 i.
1333 2271 1355 2304 e.
1371 2252 1441 2314 41444,

323 2341 377 2384 tem
390 2328 489 2381 Horatii
502 2325 528 2380 id
542 2327 674 2400 designat,
684 2347 732 2396 qua
746 2327 858 2380 iocando
909 2350 961 2401 quo
975 2350 1053 2386 nasus
1064 2335 1205 2400 exoratum
1219 2335 1267 2387 boc
1279 2335 1346 2404 apud
1355 2339 1443 2389 Horat.

326 2427 352 2468 et
374 2413 446 2484 quasi
469 2431 522 2465 non
545 2411 603 2466 data
626 2430 705 2482 opera
723 2413 749 2464 in
773 2411 858 2464 satiris
909 2418 962 2470 Sat.
976 2420 998 2480 1,
1011 2424 1158 2489 6.5.quum
1169 2419 1287 2472 additum
1301 2420 1333 2474 sit
1347 2422 1445 2474 donce

326 2499 380 2553 suis
407 2497 506 2569 pungit.
523 2497 615 2549 ridenti
631 2501 721 2548 arnico.
739 2497 857 2565 Particip.

325 2602 373 2654 pro
386 2581 465 2635 subst.
479 2583 605 2650 positum3
619 2579 764 2650 adiectpro
778 2581 856 2632 subet.

322 2665 409 2721 babet.
427 2663 521 2736 virgil.
538 2665 633 2734 Georg.
659 2665 711 2727 111,
741 2667 797 2714 itt.
816 2663 854 2713 ri·

322 2750 391 2800 denti
407 2753 490 2816 arnico
509 2765 570 2818 pro:
596 2746 649 2798 risu
678 2755 799 2809 venusto,
818 2745 857 2796 iu·

320 2831 416 2885 cundo.
427 2832 571 2882 Hominum
584 2826 720 2880 stultitiam
736 2828 797 2880 risui
812 2847 857 2880 ex·

320 2919 394 2988 ponit
410 2915 530 2967 Horatius
551 2931 610 2965 cum
631 2912 774 2967 urbanitate
787 2931 855 2966 senr-

319 3019 367 3072 per
381 2999 503 3065 iocand03
526 2995 575 3050 hoc
597 2997 663 3050 bene
684 2997 785 3050 Persius
807 3015 850 3050 es·

320 3086 412 3154 pressit
428 3099 488 3153 per:
506 3080 599 3134 ndens·
617 3083 699 3135 αηιίοο
720 3087 803 3152 ungit
816 3085 854 3134 vs*-

320 3184 391 3222 uum.
850 3199 852 3204 ·

356 3259 412 3306 447.
435 3248 604 3321 Illud'tntgit
624 3267 729 3321 quoque
739 3267 800 3302 cum
813 3249 857 3302 de·

320 3336 401 3398 lectu,
429 3331 640 3402 levissimumque
664 3333 791 3384 rationem
808 3351 852 3385 ex·

318 3417 424 3490 primit,
443 3433 494 3486 qus
511 3415 572 3468 vitia
590 3415 658 3486 carpi
673 3427 786 3486 possum.
803 3417 851 3468 ad·

319 3507 424 3564 missu,
444 3509 577 3570 tanlquam
590 3497 676 3560 ἀοιδᾶς
684 3538 692 3562 ,
705 3501 751 3570 qni
767 3515 855 3551 coram

318 3593 414 3651 canst3
430 3581 581 3652 simpliciter
588 3601 649 3651 pros
664 3580 854 3635 lectus.Casau-

317 3670 403 3723 14044444
419 3665 519 3736 iungit:
536 3667 661 3718 aarum
674 3671 764 3718 otram
776 3685 851 3736 prae·

317 3751 421 3821 cordia,
443 3749 584 3809 secundum
605 3749 731 3802 Graecam
749 3746 852 3800 dicendi

316 3837 447 3888 rationem
465 3833 578 3904 isppsoi
591 3832 777 3886 κατατίθεσθαι.
795 3831 850 3885 bli-

317 3935 367 3970 nus
384 3918 460 3982 bene,
473 3925 503 3968 ut
520 3925 592 3984 puto.
613 3914 713 3968 Cir-erim
728 3933 847 3984 praecor·

317 4004 363 4056 din
373 4004 465 4068 lodus,
477 3999 547 4054 idem
563 4008 608 4065 est,
621 3998 692 4072 quod
704 3999 785 4052 risum
794 4019 852 4052 tnn-

317 4105 390 4150 vere,
398 4105 452 4156 quo
464 4083 633 4154 diaphragma
647 4083 783 4153 praecipue
789 4101 851 4136 oon·

205 4180 209 4191 '
317 4169 422 4235 cutitur,
435 4165 550 4220 iucundo
564 4167 709 4218 mutinum
722 4184 825 4236 genere.

355 4257 412 4305 448.
427 4251 540 4305 Callidus
559 4267 660 4302 excusso
678 4249 797 4319 populum
813 4267 851 4301 su·

318 4335 432 4406 pudes
456 4351 524 4388 naso.
561 4331 674 4388 Callidus
703 4331 847 4401 menardo:

907 2517 988 2562 traso,
1013 2499 1080 2568 quod
1093 2519 1201 2554 4444444444
1216 2503 1332 2574 designat
1346 2513 1372 2556 et
1384 2522 1445 2556 con·

908 2593 1045 2652 temptum.
1058 2583 1167 2652 ertntit.
1185 2585 1267 2640 tnsttt.
1285 2587 1368 2656 Xl‚,³·
1381 2583 1440 2639 Na-

906 2667 972 2718 ribus
984 2669 1106 2738 labrisque
1121 2687 1170 2720 riou
1176 2668 1238 2740 sere
1247 2670 1382 2739 quidqtsnrs
1391 2671 1436 2722 de·

907 2761 991 2802 aeriter
1011 2752 1180 2814 omersdimus,
1205 2755 1305 2804 4444444444·
1330 2752 1440 2815 derisio,

906 2844 1073 2902 corrumpam,
1085 2833 1224 2904 fastidium
1245 2836 1445 2906 significarin-

906 2914 950 2966 let.
969 2915 1143 2968 Tolerabilior
1162 2916 1254 2970 44144444
1267 2927 1305 2970 est
1322 2919 1385 2970 baec
1398 2937 1442 2972 ex-

906 2999 1023 3068 plicatio,
1038 3019 1116 3070 qusm
1128 3019 1194 3070 quse
1207 3002 1234 3054 in
1248 3001 1335 3056 lexicis
1348 3001 1443 3074 vulga·

905 3081 977 3132 ribus
998 3080 1151 3145 exhibetur,
1166 3083 1267 3138 etiamsi
1282 3084 1344 3138 viris
1360 3085 1443 3138 doctis

906 3163 998 3218 forsan
1009 3182 1061 3216 aon
1076 3165 1108 3216 sit
1124 3167 1303 3220 satisfactura.

941 3255 996 3302 419.
1015 3249 1192 3302 Men'motre
1217 3252 1308 3323 nefas?
1341 3252 1440 3304 Μαίη

904 3347 965 3382 curn
989 3328 1108 3396 delecta,
1134 3336 1168 3388 ita
1194 3331 1283 3404 loqui,
1310 3344 1340 3385 ut
1365 3351 1444 3388 nemo

904 3413 984 3482 possit
995 3411 1157 3483 intelligere,
1168 3434 1252 3485 qrsusn
1266 3415 1292 3468 id
1308 3427 1396 3485 aperte
1406 3417 1444 3468 sa·

904 3513 961 3546 cere
978 3495 1143 3565 prohibearis
1154 3518 1209 3550 nam
1229 3500 1313 3552 scrobe
1326 3499 1441 3568 pertinet

904 3579 937 3632 sd
964 3579 1079 3634 fabulam
1100 3581 1133 3636 de
1153 3581 1243 3636 Midae
1263 3591 1392 3650 tonsore,
1412 3592 1444 3636 ut

903 3682 1023 3732 sequens.

938 3751 997 3800 420.
1011 3749 1063 3800 Hic
1085 3761 1168 3800 tannen
1191 3748 1343 3820 bsfodiam't
1367 3767 1389 3803 e.
1405 3748 1439 3802 li·

902 3829 964 3884 teris
984 3840 1072 3884 44444444
1094 3829 1236 3896 mandabo,
1263 3829 1333 3901 quod
1353 3843 1443 3902 aperte

902 3911 986 3966 dicere
1003 3913 1069 3966 mibi
1085 3932 1139 3968 nan
1154 3913 1221 3968 licet.
1233 3917 1303 3978 vidi,
1316 3917 1380 3970 vidi.
1395 3935 1441 3987 ge·

902 3997 1010 4054 minatio
1023 3999 1096 4052 verbi
1107 3997 1255 4068 pertinetad
1270 3997 1440 4068 cupiditatem

901 4081 940 4136 rei
957 4081 1130 4155 evulgandos.
1152 4099 1232 4154 quana
1251 4099 1328 4152 aegre
1349 4084 1440 4141 animo

903 4168 1043 4220 contineas.

938 4251 995 4300 t2t.
1010 4247 1147 4302 Anicetus
1158 4249 1222 4300 astris·
1236 4247 1316 4300 Mida
1330 4265 1376 4297 ret
1386 4245 1439 4298 lsa-

899 4329 946 4383 bet.
966 4327 1036 4384 Male
1048 4329 1097 4382 boc
1114 4327 1145 4384 441
1166 4331 1298 4386 Neronem
1316 4327 1439 4402 trabitur.
