3046 5498
306 381 436 486 xlviii
708 418 765 484 ne
800 419 1007 488 summus

304 625 541 704 Arithmetinse,
562 625 779 692 Astronomise
797 634 829 691 et
840 628 994 704 Musicae,
1008 623 1115 690 laudes
1129 643 1164 690 sc
1178 633 1344 710 praecepta
1358 645 1438 691 eon·

305 727 421 788 tinent:
446 726 569 788 Anicius
590 725 724 788 Manlius
743 725 919 808 Torquatus
940 725 1103 786 Severinus
1124 725 1268 788 Boethius
1288 723 1438 790 consuls-

305 821 348 880 ris
368 828 468 892 (natus
489 822 603 882 Romae
624 842 648 880 a.
671 819 745 880 Chr.
758 820 829 893 455.
853 831 883 880 et
897 821 995 880 securi
1021 839 1181 900 percussus
1201 840 1227 878 a.
1244 819 1313 895 524.
1334 838 1438 903 quun

305 935 376 978 reus
398 916 563 978 maiestatis
578 916 679 978 ‘factus
699 924 812 988 esset),
844 917 876 974 in
902 915 989 976 libris
1010 914 1175 995 praeclaris
1195 924 1228 976 et
1250 924 1311 976 tam
1334 935 1440 998 ergu-

308 1021 410 1072 mento
430 1034 521 1094 quana
543 1012 622 1094 stylo
643 1011 815 1092 conspicuis
831 1011 869 1071 de
890 1008 1098 1072 consolatione
1120 1009 1343 1093 philosophiae,
1357 1033 1441 1094 quos

305 1109 336 1170 in
357 1129 481 1170 carcere
502 1109 642 1189 scripsit,
675 1109 706 1166 iu
729 1129 821 1189 quem
844 1106 924 1168 iussu
945 1106 1132 1168 Theoderici
1154 1107 1332 1170 Gothorum
1355 1109 1444 1192 regis

305 1205 463 1266 coniectus
489 1203 694 1266 erat-Aliae
719 1203 843 1264 Satirae
872 1205 1055 1286 Menippeas
1088 1203 1179 1266 etiam
1212 1205 1249 1264 ab
1282 1203 1349 1266 aliis
1370 1214 1444 1268 tum
1495 1197 1499 1210 ’

304 1309 375 1362 unte
395 1311 462 1361 tum
483 1312 552 1382 post
573 1309 692 1360 renatus
714 1299 817 1361 literas
838 1298 968 1380 scriptae
988 1307 1079 1372 sunt,
1101 1323 1128 1360 v.
1150 1320 1177 1358 c.
1199 1321 1214 1357 o
1232 1300 1264 1360 P.
1287 1299 1443 1375 Cunaeo,

305 1395 382 1457 ICto
402 1396 533 1470 Batauo,
553 1395 649 1457 Sardi
674 1395 805 1456 Venales
829 1417 881 1456 seu
901 1394 1005 1455 Satira
1019 1395 1186 1476 Menippea
1200 1397 1234 1456 in
1254 1399 1301 1456 rui
1319 1397 1444 1461 saeculi

305 1495 440 1556 dontinus
461 1495 557 1573 inepte
576 1491 731 1563 eruditost
755 1513 771 1550 a
793 1491 875 1552 lusto
898 1490 1001 1572 lipsio
1021 1489 1178 1552 Somnium
1200 1490 1350 1552 adarim
1370 1496 1440 1554 Mc-

304 1593 417 1670 ru'ppea
437 1590 471 1650 iu
491 1591 630 1660 criticos,
651 1602 678 1648 et
695 1594 803 1670 positas
827 1589 968 1665 inscitosp
998 1608 1014 1646 u
1038 1586 1115 1648 Dan.
1136 1586 1264 1648 Heinsio
1286 1588 1439 1650 Hercules

302 1703 388 1748 traam
403 1685 526 1769 fidens,
547 1688 606 1746 sive
628 1687 802 1746 Illuusterus
816 1677 1105 1764 Hypobolimaeus,
1125 1683 1161 1744 id
1181 1699 1225 1746 est
1244 1684 1350 1746 Satira
1372 1687 1441 1748 Me,

303 1787 418 1866 nippea
436 1784 478 1844 de
494 1786 577 1858 uita,
595 1785 713 1862 origine
732 1795 760 1842 et
780 1783 912 1842 risoribus
935 1784 1028 1864 Gasp.
1050 1781 1199 1866 scioppii.

346 1878 408 1939 Sed
429 1878 488 1939 ium
510 1878 746 1960 progrediamur
766 1875 804 1936 nd
825 1897 986 1938 recensum
1007 1897 1135 1950 eorum,
1155 1878 1207 1960 qui
1230 1877 1383 1940 Lucilium
1408 1887 1444 1940 et

306 1975 423 2037 Satires
443 1975 482 2036 ab
495 1995 531 2036 eo
552 1975 692 2035 inventae
712 1993 806 2055 genus
825 1973 1036 2048 imitatisunt.
1057 1974 1140 2036 lluic
1159 1974 1279 2036 Satires
1293 1975 1441 2056 primum

307 2093 415 2133 novam
439 2071 529 2155 plane
554 2070 713 2152 multoque
736 2069 896 2132 meliorem
917 2069 1018 2131 induit
1038 2071 1171 2131 ieronem
1188 2071 1347 2153 ingenium
1371 2071 1443 2132 Ho-

308 2169 400 2245 ratii,
421 2170 474 2251 qui
496 2167 628 2231 maculas
650 2177 681 2230 et
702 2165 804 2242 labes,
826 2176 890 2226 tum
912 2165 1032 2226 incuria
1053 2167 1210 2244 auctoris,
1236 2177 1302 2230 tuns
1323 2167 1444 2230 saeculi

306 2267 397 2350 genio
417 2266 445 2327 ei
465 2265 645 2348 adspersas,
676 2262 765 2336 eluit,
797 2261 963 2324 verborum
985 2262 1178 2324 coutumeliis
1200 2273 1231 2324 et
1250 2263 1443 2346 petulantiae

306 2365 388 2424 iocos
418 2369 449 2422 et
470 2361 564 2436 seles,
595 2361 788 2442 orationique
815 2359 933 2420 subitse
964 2367 994 2420 et
1015 2359 1207 2435 incuriosae,
1239 2359 1470 2440 hereitanu,

306 2457 451 2528 scabrae,
475 2457 645 2518 obscoenae
667 2465 697 2516 et
727 2455 869 2536 procaci,
894 2463 1004 2514 tersum
1036 2464 1067 2515 et
1089 2454 1243 2527 limatam,
1274 2477 1385 2537 purant
1408 2463 1444 2516 et

307 2551 508 2636 aequabiliter
528 2551 696 2626 fluentem,
720 2553 848 2612 facetum
870 2558 901 2610 et
920 2550 1066 2610 urbanam
1088 2550 1264 2624 substituit,
1284 2561 1316 2610 et
1335 2571 1443 2632 neque

309 2653 423 2712 Graece
447 2649 613 2710 immiscuit
627 2647 762 2720 Latinis,
787 2666 887 2728 neque
907 2645 966 2706 alio
987 2667 1076 2728 quem
1099 2645 1226 2710 heroico
1247 2667 1338 2710 versu
1364 2669 1443 2711 usus

309 2755 362 2806 est.
394 2745 484 2805 Illum
506 2745 563 2806 sihi
584 2745 741 2826 exemplar
763 2763 950 2825 proposuere
972 2742 1153 2823 posteriores
1175 2751 1280 2827 poene
1300 2743 1444 2818 satirici,

309 2842 400 2902 etium
421 2840 547 2900 secundi
568 2839 607 2900 ab
627 2860 684 2913 eo,
716 2841 835 2900 Persius
858 2847 888 2898 et
908 2837 1079 2902 luvenalisr
1111 2850 1141 2899 at
1172 2841 1300 2922 quisque
1328 2859 1445 2902 corum

309 2933 455 3018 singulari
470 2955 582 3017 genere
601 2934 725 2996 dicendi
746 2956 817 2994 usus
829 2945 875 2994 est
889 2943 920 2994 et
933 2933 1049 2994 diversa
1065 2936 1206 3009 ratione,
1228 2957 1286 3018 pro
1301 2937 1447 3017 ingenio·

309 3054 379 3094 rum
403 3043 636 3114 temporumque
657 3030 851 3104 diversitate,
884 3041 1064 3110 argumenta
1088 3032 1237 3102 tractavit.
1272 3033 1364 3110 Quod
1387 3035 1447 3094 iu·-

308 3128 463 3210 telligetur
484 3147 523 3186 ex
545 3126 680 3208 proxima
702 3126 977 3202 commentatione,
1000 3126 1031 3186 iu
1046 3131 1106 3208 ¹qum
1128 3128 1166 3189 de
1188 3130 1342 3203 Horatio,
1359 3131 1446 3190 Per-

310 3227 353 3284 sio
375 3243 410 3283 ae
431 3222 575 3283 Iuvenale
594 3241 730 3284 seersum
762 3219 962 3295 disseremus,
994 3232 1025 3282 et
1056 3221 1111 3282 hes
1145 3229 1249 3306 poetas
1280 3223 1448 3302 satiricos,

311 3340 442 3403 quorum
471 3337 563 3400 opera
587 3315 726 3376 monibus
746 3316 848 3376 adhuc
869 3317 980 3378 uostris
1000 3327 1156 3394 teruntur,
1181 3322 1263 3380 inter
1293 3339 1326 3381 se
1349 3341 1448 3380 cem·-

311 3415 493 3496 psrebimns.
526 3415 618 3475 Nune
650 3411 779 3472 sufficiat
806 3412 941 3474 breviter
969 3414 1155 3474 recensuisse
1181 3425 1301 3476 ceteros
1321 3417 1448 3477 Lucilii

310 3511 498 3582 imitatores,
526 3529 659 3591 quorum
684 3509 803 3570 Satirse
827 3515 947 3568 tantum
977 3529 1039 3568 non
1061 3531 1168 3571 omnes
1189 3511 1444 3586 intercideruut;

310 3605 394 3689 quod
414 3605 536 3688 gravius
557 3604 753 3680 doleremus,
774 3603 831 3666 uisi
848 3605 969 3666 fortuna
990 3605 1081 3668 nobis
1104 3606 1281 3670 triumviros
1296 3607 1365 3670 illos
1378 3629 1449 3670 ser·

311 3712 416 3766 suaset.

351 3801 430 3860 Ante
448 3799 644 3871 Horatium,
673 3796 728 3878 qui
760 3816 786 3856 a.
813 3793 889 3856 V.c.
910 3795 979 3878 689.
1009 3795 1146 3880 adeoque
1176 3798 1243 3860 XL.
1264 3799 1330 3862 fere
1349 3801 1446 3862 annis

309 3903 377 3976 post
397 3892 511 3955 Lucilii
531 3901 662 3956 mortem
684 3901 772 3954 natus
793 3901 859 3966 est,
880 3912 942 3952 non
958 3891 1109 3966 defuisse,
1133 3893 1187 3976 qui
1203 3894 1294 3956 huius
1311 3893 1464 3978 quidem*

308 3987 469 4068 exemplo,
500 3987 553 4048 sed
586 4008 694 4069 parurn
728 4005 877 4068 prospero
907 3995 1031 4048 conatus
1058 4007 1219 4064 successu,
1252 3989 1290 4050 ad
1321 3989 1444 4054 Satires

309 4081 485 4142 scribendus
505 4081 643 4140 animum
667 4079 874 4162 appellerent,
896 4078 946 4142 ille
968 4101 1024 4142 nos
1046 4081 1109 4164 ipso
1130 4081 1220 4143 docet
1240 4082 1302 4144 sat
1324 4083 1356 4156 l,
1382 4105 1443 4156 ro,

311 4178 350 4248 46
366 4196 429 4259 seq.
459 4179 530 4238 Hoc
551 4175 721 4248 (satiricum
743 4180 865 4258 po‘e'usn)
886 4189 971 4250 erat,
1004 4191 1132 4260 experto
1142 4180 1270 4258 frustra
1295 4181 1444 4242 Varrone

310 4269 443 4328 Atacino
476 4273 578 4352 Atque
598 4269 780 4351 quibusdam
803 4269 895 4345 aliis,
914 4271 1023 4332 arelius
1043 4271 1127 4353 quod
1147 4273 1276 4332 scribere
1292 4293 1440 4354 possem,

310 4365 469 4424 inventore
488 4370 599 4426 minor.
621 4366 680 4427 llic
705 4375 750 4427 est
770 4367 801 4425 P.
827 4367 993 4428 Terentius
1015 4367 1138 4443 Varro,
1159 4377 1247 4429 natus
1262 4368 1391 4430 circiter
1406 4391 1442 4450 a.

310 4459 352 4522 V.
372 4480 399 4522 e.
421 4461 491 4539 670.
512 4471 544 4522 et
563 4483 580 4524 a
599 4462 698 4546 patria
719 4462 832 4542 duce,
853 4463 968 4528 Galliae
982 4462 1188 4530 Narbonensis
1209 4464 1277 4531 rico
1298 4473 1340 4539 (v.
1358 4465 1444 4530 Hie-
