3056 5490
358 385 452 502 462
843 417 989 478 rnnstt.

352 623 418 698 Dis
439 621 554 723 igitur
571 615 760 722 genioque
778 616 883 694 dunis
903 633 1056 694 centum
1074 621 1200 722 perio,
1219 619 1268 694 ob
1286 649 1339 698 res
1381 624 1385 636 '
1424 635 1430 656 '·
1482 633 1483 638 ’

352 825 462 896 captiui,
490 841 552 876 nem
573 822 699 878 Germani
730 841 784 876 non
808 831 882 876 erant
932 841 1032 894 qtroqne
1049 831 1131 876 artem
1151 821 1270 876 rutilendi
1284 823 1374 894 uptttos
1383 825 1427 880 liri·
1482 791 1484 884 i

352 907 462 979 spoliati,
483 907 568 973 exuti,
599 905 679 977 capti3
705 906 767 958 baec
793 908 883 959 omnin
935 906 978 959 vio
993 925 1038 958 seu
1054 925 1149 977 sepone
1164 906 1269 960 Gallico.
1305 909 1426 981 Eaedem,
1483 895 1484 914 ¹

354 995 361 1008 ι
382 992 388 1005 Ι

352 1003 433 1063 sgrtur
443 989 651 1062 pernumerant,
665 1002 691 1044 et
701 989 773 1062 qussi
782 990 884 1043 redem-
934 988 1069 1056 vehiculu,
1088 988 1179 1058 quibus
1198 989 1266 1043 Gelli
1291 999 1314 1042 et
1325 991 1428 1062 belpsein

351 1077 468 1148 ptoribus
486 1075 607 1141 loosude,
622 1086 690 1132 utet
703 1087 822 1146 prompte
837 1093 878 1130 es·
933 1071 1024 1144 primis
1037 1073 1181 1126 utebantur.
1225 1078 1368 1144 tegentesque
1381 1075 1428 1128 lile·

351 1169 409 1214 sent
426 1163 454 1213 in
476 1157 658 1212 similationem
682 1159 737 1212 veri
759 1159 882 1229 triumphi
933 1176 985 1210 nos.
1021 1157 1182 1210 Cessubonus
1200 1157 1337 1222 existimet,
1355 1158 1429 1212 llberos

350 1259 488 1312 renumque
509 1241 625 1297 hostibus
645 1239 833 1307 detracturum,
857 1249 883 1293 et
933 1241 1055 1293 Nostrum
1079 1257 1127 1310 pro
1151 1240 1279 1292 Rhenonoe
1297 1241 1429 1311 boninespo·

350 1327 462 1381 minimo
483 1337 600 1397 sumptu,
620 1336 650 1380 ut
667 1328 808 1396 lmperetor
826 1329 882 1397 ipse
933 1326 1027 1390 suisse3
1043 1324 1089 1378 sed
1107 1323 1156 1377 hoe
1173 1334 1237 1378 esset
1258 1323 1339 1394 utique
1355 1343 1429 1379 norun

349 1411 471 1476 iusserat,
485 1420 642 1464 constarent.
683 1427 754 1461 arma
774 1410 882 1478 pauidus
933 1417 959 1460 et
979 1408 1035 1460 sitre
1054 1405 1183 1475 exemplo.
1219 1407 1245 1458 Si
1258 1405 1334 1459 Rheni
1352 1407 1430 1460 adeolee

350 1513 385 1548 sc.
400 1493 509 1565 figenda.
532 1495 653 1565 portibus,
664 1494 772 1546 recubus
783 1492 878 1546 triurn-
933 1487 1098 1558 intelligendi
1128 1496 1204 1554 sunt,
1230 1487 1356 1560 legendum
1382 1489 1430 1543 niti

349 1575 467 1646 phalibns
478 1585 503 1627 et
516 1573 673 1644 templorum
688 1573 881 1644 postumum
932 1571 1035 1624 videtur
1045 1573 1151 1624 tttemas
1157 1614 1165 1639 ,
1177 1589 1224 1625 seu
1237 1571 1330 1625 Remos.
1345 1575 1430 1638 Verum,

349 1659 435 1718 solum
449 1656 550 1728 publius
571 1655 727 1726 templorum
748 1655 838 1712 limine
855 1669 882 1711 et
932 1654 1024 1724 siquid
1037 1655 1193 1707 metendum
1205 1665 1260 1720 est,
1273 1654 1381 1724 equidem
1390 1673 1429 1708 ms·

348 1751 446 1811 postes,
459 1740 503 1793 sed
515 1739 593 1793 etiem
605 1739 764 1810 privatorum
778 1741 881 1794 aedium
932 1735 995 1790 lim:
1009 1743 1182 1809 ingentemque
1195 1738 1303 1791 tttnmm
1312 1737 1431 1808 heingen·

347 1828 435 1900 spoliis
446 1827 559 1882 hostibus
572 1827 689 1881 detractis
703 1846 758 1880 esse
769 1845 878 1882 erome-
931 1829 986 1876 tem
998 1823 1141 1892 imaginem
1158 1821 1242 1874 Rheni
1261 1821 1371 1874 fluminis
1397 1822 1430 1872 Si·

347 1921 404 1975 tos,
425 1913 527 1982 copiose
547 1921 573 1963 et
592 1911 665 1964 docte
682 1911 777 1964 adserit
793 1915 879 1966 Burin.
931 1907 1045 1961 multer!
1065 1905 1136 1958 enlm
1148 1905 1253 1960 urbium
1269 1905 1432 1970 elflttmlm,

347 1995 456 2050 Anthol.
469 1999 524 2049 Int.
537 2000 569 2048 T.
581 1998 600 2048 l.
614 2015 637 2065 p.
652 2001 709 2049 2⁰6.
735 1997 882 2069 chlamydes
931 1999 960 2044 ut
992 1989 1126 2042 neminem
1149 1988 1285 2057 praeterit,
1311 1991 1336 2040 in
1357 1987 1431 2040 triun-

347 2097 449 2148 regum‚
471 2087 554 2130 vestes
580 2077 702 2128 militeres
727 2093 818 2147 regum
842 2093 878 2132 se.
931 2073 1010 2147 plsum
1019 2073 1233 2145 producebantur.
1250 2073 1432 2128 Ceterumvisto·

345 2161 471 2232 parandas
484 2161 585 2216 locavit.
602 2163 797 2214 Germanorum
808 2177 880 2231 reges
929 2160 996 2214 sient
1011 2159 1043 2211 de
1057 2158 1196 2210 Germanis
1212 2158 1307 2227 saepius
1319 2161 1393 2226 potue
1403 2157 1430 2208 tu

345 2245 374 2298 iu
387 2245 549 2314 triumphurn
566 2243 635 2296 ducti
652 2241 765 2313 emplum
777 2261 879 2313 semper
929 2255 1128 2315 expresserunt,
1146 2253 1277 2313 remquam
1301 2242 1373 2294 ttlreni
1391 2257 1430 2292 m·

345 2329 483 2381 materiem
497 2325 618 2380 edulendi
629 2327 733 2382 debent.
750 2327 877 2392 Omnino,
929 2347 992 2382 men
1015 2327 1094 2382 erruis
1111 2328 1235 2382 Romanis
1257 2345 1283 2380 se
1305 2325 1431 2380 submiserit

347 2410 450 2480 quondo
475 2409 508 2464 de
536 2409 672 2479 triumphis
698 2409 765 2479 epod
792 2415 879 2480 poem
929 2415 1027 2466 Forssn
1044 2417 1203 2482 ingentesque
1217 2410 1352 2466 Rtmmst
1365 2407 1431 2479 plures

346 2511 434 2546 sermo
452 2503 506 2558 est,
528 2511 632 2563 semper
647 2509 737 2563 νομῆι
759 2493 883 2564 neptium·
929 2497 1012 2549 Rheni
1033 2495 1160 2567 imagines
1183 2505 1292 2568 spectet,
1310 2491 1430 2566 quibmdi·

344 2595 404 2630 rum
418 2579 449 2632 iit
459 2578 565 2631 mentio.
590 2577 799 2649 LuteaGmsape.
817 2579 876 2634 Nou
928 2597 1001 2636 verse
1013 2579 1069 2632 eius
1079 2579 1144 2632 ostis
1156 2588 1233 2632 erent
1250 2595 1363 2649 expresse.
1383 2579 1432 2628 Cer·

344 2669 428 2714 vestes
440 2659 623 2732 intelligendae
635 2670 707 2725 sunt,
720 2677 877 2732 quemquem
928 2666 1000 2719 souin
1016 2663 1096 2735 igitur
1122 2662 1154 2715 ed
1173 2662 1260 2715 meriti
1280 2662 1310 2715 de
1322 2656 1432 2714 Gerrnmit

344 2743 524 2810 Csssubonus,
536 2761 616 2814 quum
626 2743 653 2796 id
667 2743 798 2812 adfirmet,
812 2747 876 2797 Ver·
929 2748 1063 2802 victorism
1076 2747 1211 2818 triumpho
1224 2744 1391 2798 celebrandam
1401 2741 1430 2794 lo·

343 2828 416 2882 ronis
433 2830 579 2882 auctoritate
601 2827 709 2889 nititurs
732 2827 778 2880 ubi
804 2830 875 2882 enim
927 2843 968 2884 eet
980 2829 1105 2901 imagines
1125 2829 1210 2882 libeni
1226 2830 1338 2898 ingentes
1355 2827 1432 2878 leder·

343 2925 469 2977 umquem
495 2908 605 2962 relatum
634 2908 760 2984 legimus,
794 2907 876 2962 luteas
929 2914 984 2966 des.
1008 2913 1112 2965 Etenim
1125 2913 1227 2964 flumen
1244 2912 1325 2982 ipsum
1342 2908 1434 2963 setteirt

343 3001 428 3044 vestes
448 2992 641 3046 Germanorum
658 2991 759 3064 insigne
774 2991 873 3046 fuisse?
930 2995 1089 3066 imaginem,
1113 3012 1166 3046 non
1181 2997 1324 3047 Germanos
1342 3002 1379 3044 eut
1391 2987 1435 3040 Gel-

342 3073 387 3128 sed
399 3093 511 3146 gmnnpa
523 3073 613 3126 eedem
628 3075 743 3140 ratione,
759 3092 809 3145 qut
822 3077 876 3130 Set.
926 3075 965 3130 los
983 3078 1037 3130 eius
1059 3076 1178 3144 aduolet,
1195 3075 1223 3129 h.
1244 3076 1260 3130 l.
1280 3075 1362 3140 innui,
1378 3071 1433 3127 indi·

344 3159 390 3224 tt,
408 3161 449 3211 ³7.
464 3175 511 3227 pro
529 3157 710 3227 capillamento
729 3160 818 3228 posits.
845 3161 876 3212 ln
926 3179 984 3214 esre
1006 3160 1108 3213 videtur
1131 3161 1244 3214 verbum
1266 3162 1342 3221 usn,
1367 3153 1432 3226 quob

343 3241 457 3294 editione
483 3241 562 3294 Persii
582 3243 676 3294 Venet.
703 3247 777 3296 ⁴5⁴6.
803 3252 876 3296 vetus
927 3261 1117 3315 quemcumque
1146 3245 1203 3296 vim
1235 3243 1259 3296 ei
1286 3242 1387 3304 tribues,
1410 3233 1433 3289 tl

342 3327 484 3393 interpres,
505 3325 547 3394 qui
573 3325 620 3376 sub
638 3325 745 3380 Cornuti
769 3327 875 3378 nonnius
926 3327 1041 3398 captivos
1054 3326 1159 3379 ductum
1173 3330 1217 3381 vix
1225 3325 1383 3380 commodum
1391 3337 1434 3374 sen·

344 3405 477 3468 venditur,
491 3405 554 3458 haec
564 3405 654 3458 hebet:
676 3407 790 3478 Gmnape
800 3425 876 3477 gentse
925 3429 983 3463 sum
992 3411 1105 3480 praebet.
1122 3409 1163 3463 At
1179 3411 1276 3464 horum
1287 3409 1394 3463 verutum
1403 3419 1434 3456 tt·

345 3489 423 3556 pilei,
442 3505 544 3560 quonam
566 3487 655 3560 (leger
671 3493 740 3560 quo)
758 3495 871 3562 captivo·
924 3493 1087 3564 plioetionem
1098 3494 1197 3547 iteiunt
1211 3511 1257 3558 ee,
1277 3511 1339 3563 quse
1350 3492 1432 3542 snum

342 3591 396 3624 mm
412 3576 497 3641 sepita
521 3574 690 3628 induebantur.
722 3576 756 3628 Vt
781 3575 876 3628 scilieet
925 3577 1006 3649 csttg.
1038 3583 1079 3631 46.
1107 3585 1148 3630 tt.
1181 3577 1234 3630 Dio
1253 3577 1320 3630 Coss.
1341 3573 1397 3627 tut
1416 3585 1433 3638 Ρ·

342 3656 462 3708 rnereede
483 3657 602 3709 conducti
625 3667 669 3710 sut
693 3656 797 3710 tliunde
810 3659 876 3729 nepti
927 3665 985 3714 6⁵9.
1008 3662 1040 3713 E.
1055 3669 1171 3713 trement.
1193 3657 1314 3712 Similem
1325 3652 1434 3710 stultitirm

342 3748 369 3791 et
380 3737 406 3791 in
421 3738 585 3810 triumphum
598 3739 756 3810 producendi
763 3743 873 3796 Germe·
926 3743 1030 3796 Tscitns
1048 3742 1076 3795 in
1089 3743 1144 3797 vite
1157 3741 1246 3814 Agris.
1263 3748 1304 3802 39.
1319 3739 1349 3792 de
1359 3733 1434 3790 Doni·

341 3821 560 3892 norumspeeient
574 3839 634 3893 prae
651 3843 678 3876 se
699 3823 813 3890 ferrent,
830 3824 878 3878 de-
925 3824 996 3878 tieno
1009 3837 1215 3878 oommemoret=
1242 3822 1434 3878 [nerum

342 3905 435 3960 bebnnt
449 3923 503 3960 este
516 3923 622 3976 procem
632 3917 744 3973 stature,
761 3917 788 3961 et
800 3907 877 3981 eepil·
925 3913 979 3974 tia,
1009 3913 1101 3964 &risit
1121 3913 1207 3983 finisse
1226 3929 1305 3980 imper
1328 3907 1434 3981 falsu-rt

221 4045 225 4052 ,
340 3987 375 4041 lis
388 3988 464 4042 luteis
483 4007 528 4042 seu
542 3990 614 4044 ssavis
628 4001 671 4043 eut
685 3989 784 4043 mtilis=
811 4009 877 4062 opus
926 3995 1062 4050 Gennanm
1094 3995 1262 4065 triumphum,
1299 3995 1377 4064 emptis
1401 4003 1434 4057 pe

341 4071 423 4142 igitur
435 4083 489 4124 eret
503 4073 660 4143 tegumentis
671 4073 784 4143 cepitite
799 4073 875 4128 luteis
924 4081 1083 4139 commercia,
1104 4095 1207 4146 pronun
1228 4077 1322 4129 hatten
1336 4085 1358 4124 et
1374 4070 1435 4122 crim

342 4155 407 4221 pilis
424 4155 565 4221 consectis,
593 4173 657 4225 quee
672 4174 776 4228 quoque
795 4161 873 4209 eonti-
923 4163 952 4213 in
965 4161 1117 4231 eaptivonun
1130 4162 1237 4229 speeiem
1243 4161 1409 4230 sonnerunt·

341 4237 432 4290 cienda
451 4238 578 4291 debebunt
597 4238 684 4292 locari,
720 4239 874 4294 Huiusmodi
957 4247 999 4296 tt.
1010 4245 1082 4294 ttsnc
1095 4241 1233 4295 victorium
1250 4251 1278 4294 et
1290 4257 1336 4310 ego
1348 4255 1388 4308 pro
1399 4231 1431 4283 tl·

342 4320 429 4390 cepitis
439 4330 588 4390 tegumenta
594 4325 690 4374 Romae
702 4321 729 4374 in
738 4341 785 4374 usu
796 4323 874 4376 luisse
925 4325 967 4378 rili
981 4326 1154 4379 eelebmturus
1167 4343 1235 4378 turn.
1263 4325 1379 4392 Geniopru
1398 4317 1433 4366 tl*

342 4409 369 4456 in
396 4403 486 4476 vulgus
519 4417 611 4462 nomeu
633 4417 679 4460 est.
718 4410 876 4464 inverterent
925 4413 967 4462 eis.
982 4407 1098 4481 intelligo
1123 4408 1203 4462 deum
1234 4407 1363 4464 tutelarem
1378 4396 1435 4454 luti·
