3120 5494
550 827 770 907 SATIRA
820 834 847 906 Ι.

337 1024 355 1066 «l

472 1129 477 1142 δ
579 1053 831 1128 ιιαααιιιιαιι
858 1101 864 1108 .

175 1225 344 1280 Ambitiosans
365 1225 485 1278 nobilium
504 1229 532 1278 s'n
551 1229 699 1280 carminilru
721 1227 858 1282 condasdis
879 1231 1028 1296 νωιίιιιιιιιι,
1049 1233 1199 1302 quaomnia
1223 1235 1259 1286 ad

139 1312 343 1374 ostentationem,
361 1309 475 1379 neglecto
492 1312 563 1374 cert,
582 1308 896 1380 nonesdetsimpllcitatis
910 1312 1244 1384 studio,compasentur,se
1245 1347 1256 1358 -

139 1407 198 1440 uere
215 1389 413 1455 reprelienosnrm
433 1390 532 1456 padam
546 1394 640 1442 anticus
658 1391 761 1461 quidem
781 1395 950 1462 npmeniens
961 1413 979 1446 a
987 1397 1116 1464 proposito
1132 1395 1258 1448 dimovere

139 1483 255 1533 com.
274 1483 429 1524 etsernsrsne
448 1489 523 1541 super
541 1472 609 1524 saa
627 1491 681 1526 rens
700 1474 1257 1532 inminitiunslnst'susatiraeoontinstur.

101 1583 106 1592 ·
141 1553 215 1608 Ordo
233 1555 406 1605 mntnuiarum
421 1552 462 1604 lsie
479 1565 528 1606 est:
552 1551 665 1624 Operam
684 1555 751 1608 ledis
769 1555 917 1622 scribendo,
935 1562 1030 1628 scripta
1048 1562 1115 1612 enim
1134 1572 1259 1613 musmo

139 1636 259 1705 leget-
227 1633 336 1700 -Quid
348 1635 395 1686 ltco
409 1633 444 1686 asi
455 1637 515 1686 mel
529 1639 598 1704 quasi
612 1653 670 1688 vtro
685 1654 768 1688 curem
778 1653 883 1706 pravum
895 1655 1007 1690 meonsm
1016 1643 1106 1692 civium
1119 1641 1257 1706 iudicium,

138 1735 243 1788 qsrcrum
260 1735 339 1769 mores
351 1720 452 1770 cmnirw
469 1735 574 1787 grauem
585 1735 711 1784 cernuam
724 1731 854 1772 meremur.
866 1749 901 1759 —
914 1717 965 1772 Sed
982 1719 1054 1784 leus,
1069 1726 1124 1792 quis
1134 1733 1159 1773 te
1172 1741 1256 1774 censo-

138 1816 195 1850 rem
215 1800 326 1848 creavit?
338 1825 370 1837 -
389 1796 514 1850 Gravitnti
537 1809 561 1848 ct
580 1800 705 1850 senonas·
725 1803 815 1850 aetatis
836 1817 906 1852 meae
926 1819 1011 1853 ιιιαιιαι
1028 1801 1075 1853 lsoe
1091 1805 1258 1854 convenit.-

139 1877 205 1932 Non
224 1879 382 1930 mandabitur
397 1880 456 1940 tibi,
475 1879 582 1947 inquarn.
596 1907 630 1923 ν·
643 1875 814 1932 Ninitomina
830 1879 912 1950 tamen
924 1883 963 1934 vel
974 1887 1058 1936 invitis
1071 1885 1194 1950 ontrtt'dus,
1207 1903 1256 1936 na·

83 1993 92 2006 .
137 1973 195 2012 nera
214 1961 254 2011 vel
273 1963 374 2012 invitam
391 1960 541 2030 inpellente,
557 1958 715 2012 seribersdum
733 1955 852 2014 militet.
864 1981 888 2013 v.
901 1968 942 2016 tt.
958 1963 1105 2057 lam·ipsius
1118 1968 1259 2036 argentemi

138 2043 258 2092 tractatio
275 2041 380 2122 incipit,
399 2057 461 2104 quae
479 2052 513 2092 est
532 2055 564 2091 en
581 2040 721 2093 dramatico
737 2059 836 2113 genere.
857 2039 988 2096 inducitur
1010 2047 1075 2096 enim
1095 2045 1203 2116 reliquis,
1216 2045 1259 2115 qui

139 2131 327 2188 praeposteram
344 2130 368 2171 et
386 2124 544 2189 inportunam
561 2119 628 2172 illius
647 2123 735 2172 aetatis
757 2119 881 2174 scribendi
902 2126 1056 2200 pruriginem
1079 2121 1210 2195 defendat.
1219 2151 1259 2170 -

142 2198 278 2254 Scribimus
297 2201 422 2252 neblimia.
440 2230 473 2241 -
494 2199 610 2264 Scilicet,
630 2201 772 2271 interpellat
785 2221 840 2254 eum
852 2200 958 2268 Noster,
971 2217 997 2256 αι
1008 2203 1115 2270 hbeat,
1130 2205 1197 2275 quod
1213 2223 1256 2256 re-

140 2283 203 2333 cites
215 2299 301 2334 eoram
313 2281 450 2333 ltominihus
463 2282 549 2334 iudicii
560 2286 756 2352 conrupttcsimi,
768 2285 853 2356 quidus
862 2287 963 2354 probari
974 2285 1128 2338 veliementer
1140 2288 1217 2355 cupis.
1232 2306 1258 2338 ν.

141 2363 304 2433 23.-ραίιί
317 2364 447 2434 alioquin'
438 2376 504 2415 iurat
514 2383 608 2416 stimmo
616 2383 670 2416 cum
687 2365 772 2418 labore
785 2366 883 2436 aliquid
897 2367 1071 2421 didicisselv.
1086 2371 1126 2420 26.
1139 2367 1260 2435 —Qnati

144 2464 203 2497 vero
219 2447 337 2498 scientiae
353 2445 449 2515 fructus
468 2447 574 2516 pendeat
595 2451 675 2498 omnis
693 2447 724 2498 ab
744 2447 870 2500 homimem
892 2451 1089 2514 existimatione,
1103 2449 1214 2519 stiltilque
1230 2453 1258 2502 in

144 2547 171 2579 se
183 2529 258 2598 pretii
274 2525 369 2578 lrabeat.
384 2544 407 2578 ν.
417 2525 623 2579 27.—Ain'tul
633 2530 705 2597 parvi
717 2529 806 2596 pendis
817 2532 843 2579 in
855 2545 897 2580 ore
913 2529 1040 2581 lominum
1053 2549 1117 2594 esse,
1130 2529 1257 2582 inscitolis

142 2611 258 2675 tractari,
278 2611 342 2660 inter
357 2609 449 2678 pocula
464 2609 620 2680 frequentari
635 2627 666 2659 ao
686 2609 803 2672 mederi,
819 2611 967 2680 beatisspost
979 2623 1084 2664 mortem
1098 2613 1257 2684 eosunenrs?

145 2690 216 2762 Quid
233 2689 317 2743 ridel?
335 2709 368 2741 an
384 2692 448 2754 erit,
461 2691 503 2760 qui
514 2689 687 2741 inmortalitati
696 2694 814 2742 inservire
825 2696 938 2744 recuset?
950 2710 975 2744 ν.
986 2698 1029 2746 ts.
1042 2722 1074 2734 —
1090 2693 1173 2747 &etio
1186 2699 1254 2762 erpt-

142 2774 218 2837 dem,
237 2773 297 2843 quid
315 2777 348 2824 sit
369 2776 457 2824 merito
473 2771 589 2837 lauderi3
609 2789 691 2823 renim
715 2771 911 2824 adclamationes
929 2776 989 2826 istas
1003 2775 1095 2845 :Euge
1110 2775 1117 2827 !
1133 2787 1157 2827 et
1169 2773 1255 2828 Belle!

142 2875 217 2928 parm
229 2857 433 2926 sutilissirnorum
450 2866 474 2906 et
494 2855 669 2907 vilissimorum
687 2859 848 2924 seriptontm,
860 2866 887 2906 ut
910 2875 973 2908 nune
992 2869 1027 2909 est
1034 2862 1172 2928 ,praemia
1192 2859 1257 2919 sint,

143 2938 225 2989 nullus
237 2956 302 2990 ntro.
314 2955 339 2988 ν.
348 2942 391 2990 53.
407 2937 492 3007 Quid,
505 2935 573 3006 qnod
592 2935 719 2987 auditores
739 2953 851 3006 quoqne,
866 2941 941 2988 variis
952 2939 1044 2990 artibus
1056 2940 1182 3009 conrupti,
1193 2938 1256 2989 veli

140 3016 252 3088 ficantur
263 3017 361 3086 quidem
381 3019 537 3068 recitantium
554 3015 667 3077 meridies,
685 3033 703 3066 a
724 3027 795 3082 tergo
814 3027 894 3067 cutem
914 3007 1004 3068 rident.
1012 3035 1035 3067 ν.
1052 3017 1094 3069 62.
1115 3017 1199 3087 Age'
1188 3033 1257 3078 ιιαιι,

143 3099 271 3152 videamus
279 3099 380 3168 ,quale
395 3100 425 3150 sit
448 3099 533 3167 populi
551 3099 686 3150 iudicium!
710 3097 798 3148 molles
817 3107 841 3147 et
857 3097 978 3169 infractos
993 3100 1095 3167 requirit
1115 3115 1209 3162 vernn,
1220 3113 1258 3148 re-

142 3200 245 3252 rumque
257 3193 385 3233 tenorem.
398 3199 422 3232 ν.
433 3185 476 3234 68.
486 3178 559 3232 Genu
570 3181 620 3245 rei,
633 3183 654 3232 st'
668 3197 750 3231 versem
766 3177 875 3230 volumus
884 3180 970 3250 fateri
977 3218 985 3242 ,
1003 3184 1091 3231 ιἰιιαιαι
1104 3184 1152 3240 ista
1164 3197 1253 3250 puero·

143 3281 199 3315 nan
212 3267 239 3314 in
251 3263 344 3315 sclsclis
356 3265 523 3325 instinctione,
536 3261 656 3331 wsltapte
667 3263 821 3331 antiqtitntis
834 3260 979 3312 mamilia
991 3273 1101 3313 nectores
1112 3263 1258 3331 ipsissimus.

144 3363 168 3396 ν.
188 3349 231 3400 78.
250 3345 319 3396 Hinc
339 3346 457 3394 sermonis
470 3344 612 3412 connrptela
624 3343 755 3413 repetenda
767 3355 819 3405 est,
831 3360 894 3412 quae
907 3341 971 3393 adeo
984 3345 1011 3392 in
1022 3342 1120 3394 deliciis
1132 3341 1234 3394 habeor
1240 3380 1251 3404 ,

97 3415 99 3418 ’
143 3437 170 3476 αι
193 3426 233 3478 vel
247 3429 330 3493 capite
338 3425 497 3496 fortunisque
523 3425 634 3477 onmilns
658 3429 694 3476 rei
711 3424 830 3493 negbctis
847 3423 933 3492 populi
953 3423 1065 3491 plutum
1086 3425 1187 3492 patroni
1199 3421 1260 3474 inde

144 3511 234 3560 mereri
250 3507 369 3558 studeant.
390 3527 413 3557 ν.
434 3510 476 3556 91.
492 3533 527 3546 --
546 3505 584 3556 At
604 3509 660 3556 soni
679 3517 762 3556 tornea
779 3518 802 3556 et
818 3506 992 3556 concinnitatis
1002 3507 1068 3556 ratio
1083 3504 1196 3555 laistida
1208 3513 1259 3565 est,

144 3607 220 3658 qttarn
236 3592 331 3656 priores
343 3589 431 3656 poitas
442 3587 609 3655 neglexerunt.
622 3605 645 3635 ν.
656 3589 698 3638 92.
714 3615 747 3627 -
759 3586 816 3638 Hoc
829 3585 921 3637 adlatis
933 3585 1052 3656 exemplis
1062 3586 1154 3636 ridetur
1168 3603 1191 3634 ν.
1202 3587 1259 3634 406.

147 3667 287 3741 Quosncto
304 3670 424 3724 iudicium
443 3685 511 3718 stutm
529 3669 561 3718 de
577 3678 629 3718 toto
647 3666 693 3718 illo
712 3684 800 3736 genere
814 3663 909 3719 Noster
922 3667 988 3718 brevi
1000 3667 1129 3738 subiungit.
1144 3663 1259 3716 Tasrslern

145 3751 316 3811 adversarius,
331 3768 405 3818 quum
418 3747 481 3798 niltt'l
492 3760 633 3816 praeterea,
644 3767 692 3816 qno
702 3763 801 3800 ewam
817 3765 887 3800 suam
897 3759 1009 3798 sustentet
1020 3787 1027 3812 ‚
1039 3747 1127 3798 labem
1135 3767 1145 3808 ,-
1162 3743 1260 3795 curtili
1340 3812 1342 3820 Α

145 3835 214 3901 ipse,
238 3833 334 3899 inquit,
350 3833 429 3882 nimio
449 3831 501 3880 veri
516 3829 598 3880 studio
611 3832 700 3880 noces?
716 3857 748 3868 -
764 3828 892 3898 Quantum
905 3829 940 3880 ad
951 3847 1006 3890 me,
1019 3827 1148 3898 respondet
1165 3821 1260 3876 Noster

146 3913 299 3975 similantes,
323 3913 409 3963 ontrn'a
428 3910 489 3962 ltaee
507 3909 638 3979 praeclara
661 3911 727 3974 sint,
750 3911 863 3979 eqnidcm
888 3909 971 3965 ulcera
991 3909 1052 3961 ltaec
1069 3927 1119 3959 non
1145 3919 1258 3977 tangam.

146 3992 299 4054 Enimvero,
317 3994 384 4062 qnod
404 3994 462 4044 aliis
483 4009 620 4044 cortcessum
634 3989 737 4060 jiscrat,
756 4009 798 4042 cta
810 4009 860 4042 non
878 3991 945 4042 idem
961 3989 1023 4041 milti
1043 3987 1212 4042 concedatur?
1227 4013 1260 4027 ·-

146 4071 212 4125 Non
221 4074 278 4144 fiet.
296 4093 321 4126 ν.
343 4079 399 4126 419.
413 4103 448 4114 -
460 4073 544 4144 Quid,
563 4075 587 4124 ei
603 4074 683 4126 aninsi
704 4089 775 4124 serssa
795 4073 874 4124 literis
885 4083 980 4122 tannen
996 4072 1134 4122 mandem?
1157 4069 1185 4120 Ε
1186 4082 1196 4119 t
1213 4068 1261 4117 lenc

146 4156 251 4218 literae,
264 4174 325 4225 quas
345 4173 417 4206 nemo
435 4157 543 4222 fortasse
562 4155 646 4224 leget,
666 4154 756 4210 mniori
780 4153 842 4212 ntilst'
855 4158 881 4204 in
892 4156 974 4222 pretio
988 4165 1071 4213 erunt,
1085 4169 1160 4220 quarn
1172 4151 1259 4214 reliqui

147 4254 248 4298 onsnes,
267 4241 309 4305 qui
322 4253 379 4287 men
392 4249 471 4288 aetate
482 4235 612 4306 prodeunt,
628 4236 723 4304 ingenii
730 4236 811 4306 fiius.
828 4234 858 4288 V
855 4253 892 4297 os,
905 4239 947 4304 ipsi
960 4239 1071 4286 animum
1083 4235 1176 4284 lrabetis
1189 4231 1257 4282 inlu·

146 4329 199 4368 tunt
209 4322 312 4388 atstiquu
326 4315 474 4369 Graccontrn
486 4317 615 4370 comoedia
622 4355 632 4378 ‚
648 4318 732 4370 adeste
745 4317 890 4379 recitatum
903 4333 1031 4378 noscero,
1049 4315 1219 4385 philosophiae
1237 4323 1260 4364 et

145 4401 266 4452 ὸοαιιιαπι
284 4402 374 4454 areium
386 4402 518 4464 inrisores,
536 4399 630 4469 superii
643 4412 667 4450 et
678 4399 789 4450 dissoluti
799 4437 806 4460 ‚
816 4398 902 4468 pronrl
913 4415 963 4452 esse
976 4397 1054 4452 inleso.
