3098 5498
358 323 445 448 176
788 355 1015 416 rvvauarrs

346 559 509 661 Propter
525 580 623 660 quae
640 555 695 630 las
712 569 767 630 est
789 581 914 660 genua
932 559 1102 632 incerare
1119 542 1297 635 lleorum.
1430 593 1462 644 rr

399 672 586 768 Quosdam
605 673 828 776 praecipitat
844 673 1010 748 subiecta
1026 677 1195 779 petentia
1215 699 1372 774 magnae

346 789 535 879 Invidiae3
558 791 691 892 mergit
708 789 817 891 longa
837 807 950 889 atque
971 790 1124 891 insignis
1146 792 1335 866 honorum

348 909 511 1008 Pagina3
539 903 775 980 descendunt
800 919 942 978 statuae
974 923 1184 1006 restemque
1212 924 1439 1006 sequuntur.
1535 925 1536 952 ³

348 1021 450 1122 Ipsas
476 1019 614 1094 deinde
641 1037 742 1095 rotas
768 1019 939 1121 bigarum
959 1021 1118 1124 impacta
1144 1022 1284 1094 securis
1534 985 1536 1092 l

348 1135 498 1226 Caedit,
525 1154 563 1212 et
588 1137 780 1210 immeritis
798 1135 1026 1238 franguntur
1053 1160 1164 1210 crura
1185 1133 1351 1210 caballis.
1431 1169 1464 1220 sa

346 1253 424 1326 Iam
444 1252 610 1328 stridunt
634 1255 765 1356 ignes,
789 1253 861 1326 iam
888 1249 1043 1332 follibus
1064 1269 1177 1352 atque
1205 1253 1358 1325 caminis

346 1369 466 1444 Ardet
491 1369 687 1446 adoratum
713 1367 857 1488 populo
886 1384 1001 1472 caput
1033 1385 1071 1442 et
1096 1386 1227 1473 crepat
1252 1371 1385 1472 ingens
1535 1361 1536 1392 l

345 1487 531 1562 Seianus:
558 1484 695 1560 deinde
721 1511 767 1558 ex
793 1483 887 1558 facie
915 1501 995 1558 toto
1021 1485 1114 1558 orbe
1141 1483 1306 1559 secunda

345 1603 459 1676 Fiunt
478 1599 644 1692 urceoli,
670 1599 818 1705 pelveS,
845 1618 1012 1703 sartagO‚
1039 1599 1213 1704 patellae.

344 1720 448 1792 Pone
475 1716 576 1792 domi
602 1717 750 1809 lauros,
776 1717 849 1790 duc
877 1719 917 1789 in
944 1715 1127 1820 Capitolia
1157 1741 1331 1818 magnum
1423 1750 1458 1800 ⁶5

344 1837 611 1934 Cretatumque
636 1833 791 1908 bovem:
818 1833 973 1906 Seianus
1000 1831 1153 1906 ducitur
1179 1857 1280 1906 unco

344 1949 601 2052 spectandus:
628 1949 794 2052 gaudent
814 1976 951 2025 omnes.
979 1951 1083 2044 Quae
1102 1947 1238 2022 labra?
1264 1948 1348 2049 quis
1372 1942 1429 2016 illi

344 2067 480 2139 Vultus
500 2069 610 2140 erat?
630 2069 862 2166 Numquam,
882 2068 911 2139 si
932 2065 1025 2166 quid
1043 2065 1130 2140 mihi
1149 2064 1270 2140 credis
1280 2121 1292 2154 ,
1314 2062 1431 2136 amavi

344 2181 455 2255 Hunc
470 2181 670 2254 hominem:
690 2179 755 2254 sed
774 2209 850 2281 quo
866 2179 1001 2255 cecidit
1014 2181 1084 2254 sub
1097 2181 1270 2254 crimine?
1283 2180 1454 2280 quisnam

343 2294 528 2369 Delator?
545 2295 682 2399 quibus
700 2297 876 2370 indiciis?
896 2323 973 2398 quo
996 2313 1086 2372 teste
1108 2295 1309 2398 probavit?
1422 2332 1455 2380 70

345 2409 408 2482 Nil
427 2411 583 2485 horum:
611 2411 766 2487 verbosa
786 2431 823 2486 et
842 2411 992 2514 grandis
1020 2410 1176 2514 epistola
1202 2413 1306 2484 venit

345 2527 377 2598 A
396 2528 556 2630 Capreis.
583 2530 684 2604 Bene
702 2528 837 2620 habet3
858 2527 913 2602 nil
933 2527 1017 2632 plus
1037 2530 1242 2628 interrogo.
1270 2523 1345 2600 Sed
1364 2521 1460 2628 quid
1537 2565 1538 2568 π

379 2783 421 2833 55.
440 2782 533 2851 templa
556 2799 603 2851 pro
621 2799 701 2852 genua
719 2787 760 2836 46.
776 2801 876 2834 -mor
924 2783 1040 2854 patellae.
1061 2780 1150 2834 Scribo
1175 2781 1305 2844 matellae,
1329 2789 1356 2834 44
1377 2780 1461 2850 ipram
1538 2781 1539 2796 ¹

342 2859 484 2930 legendum
501 2861 655 2916 crediderim
672 2866 789 2934 prosae,
806 2865 875 2933 quod
927 2865 1027 2918 Satirici
1047 2881 1154 2916 manum
1176 2863 1314 2918 restituisse
1333 2863 1399 2918 mihi
1417 2867 1459 2917 ei·

342 2942 457 2996 alienum
474 2946 506 2998 ab
519 2946 541 2997 h.
557 2945 573 2998 l.
587 2945 698 2998 videtur.
926 2947 1022 3014 dene„

379 3031 588 3082 5444441446.
620 3042 717 3100 mergat
745 3038 784 3082 44.
806 3031 877 3084 unde
960 3037 1001 3085 67.
1015 3032 1089 3084 herda
1102 3033 1228 3100 prolalae
1248 3037 1288 3082 46.

344 3123 432 3162 urenae
451 3113 519 3179 conj.
536 3111 659 3167 8414444411.
677 3144 710 3156 -
724 3117 817 3186 longa,
832 3128 876 3169 aret
960 3120 1002 3169 7⁰.
1026 3116 1143 3168 udicibm
1171 3121 1211 3170 40.
1234 3119 1336 3170 indiciis
1358 3114 1464 3170 restitui

345 3197 386 3245 42.
402 3199 544 3249 47.49.15.
924 3216 954 3250 ex
973 3207 1012 3251 11.
1038 3207 1077 3252 47.
1095 3205 1202 3254 23-27.
1223 3206 1331 3254 45-50.
1348 3207 1463 3254 ⁵t-63.

378 3281 418 3330 ⁵8.
438 3277 538 3339 Εὶκόνες
560 3279 605 3333 καὶ
625 3278 785 3350 ἀνδριάντα,
802 3281 871 3344 oderi
925 3288 1153 3337 65-69.7t-7t.
1174 3291 1215 3338 77.
1231 3295 1258 3336 44
1276 3282 1367 3338 multis
1383 3283 1463 3336 codd.
1537 3217 1539 3354 l

342 3359 414 3420 πόλις
428 3359 548 3418 ἀνέστησέ
561 3364 699 3424 cancellat,
712 3365 874 3426 44414444ςά44·
925 3367 1004 3419 Paria.
1019 3367 1121 3420 Iudicia
1134 3365 1190 3419 141.
1207 3375 1267 3419 sunt
1285 3378 1462 3438 argumenta,
1537 3355 1539 3440 l

342 3445 507 3516 τετραμμένοι
535 3447 636 3517 γέλωτα
660 3449 799 3524 replicem
824 3457 874 3514 τοῖς
924 3467 989 3518 quae
1007 3449 1121 3502 indicant
1140 3461 1166 3502 44
1180 3449 1336 3514 ostendunt,
1358 3453 1464 3504 crimea
1537 3443 1539 3522 l

343 3526 494 3598 θωμᾶνοις,
512 3531 616 3584 Luciani
637 3533 755 3601 Cataplua
772 3553 793 3586 a.
814 3537 871 3606 Ty·
924 3552 977 3586 non
995 3539 1156 3598 tricarem,
1169 3535 1213 3588 aed
1229 3537 1382 3588 4444444144
1394 3535 1464 3592 4411411

341 3625 439 3666 4444444444
451 3629 473 3663 4.
488 3621 528 3666 44.
925 3616 996 3670 deest
1007 3635 1098 3670 40444444
1108 3659 1116 3684 ,
1127 3635 1192 3686 quae
1208 3619 1234 3669 144
1247 3619 1343 3670 iudicio
1356 3621 1463 3688 capitali

377 3699 417 3746 59.
431 3697 524 3747 intacta
535 3700 625 3750 securis
635 3695 696 3751 allos
704 3697 767 3751 olim
775 3698 874 3772 legisse,
925 3700 1099 3769 requiruntur.
1123 3701 1243 3762 iudicibus
1262 3709 1372 3756 44-46.
1394 3709 1463 3756 49-

341 3777 496 3850 intelligitur
509 3801 539 3834 ex
556 3793 607 3835 vet.
620 3783 722 3836 Selmlr
741 3786 795 3836 “Si
810 3791 874 3838 iute-
925 3787 965 3834 22·
981 3789 1021 3834 64·
1034 3787 1074 3835 70-
1090 3787 1131 3834 75-
1143 3789 1184 3836 76·
1196 3785 1238 3836 82·
1250 3793 1276 3834 44
1288 3782 1365 3836 codd·
1379 3781 1462 3835 Paris·

341 3874 398 3925 ota,
411 3881 496 3916 nova:
515 3865 534 3916 41
549 3870 660 3936 impacta
671 3909 677 3928 ‚
689 3885 814 3935 percussa.
823 3905 844 3932 ‚,
925 3863 1014 3932 optimi
1029 3873 1053 3915 44
1066 3865 1197 3932 antiquiss.
1218 3865 1269 3918 Sed
1283 3863 1310 3916 hi
1326 3865 1366 3916 414
1378 3864 1459 3916 411414-

375 3953 416 4000 61.
439 3950 544 4001 stridunt
566 3969 613 4020 pro
631 3953 733 4003 miden!
747 3955 830 4022 recepi
845 3972 874 4005 εχ
926 3949 1186 4000 runtaddarorr'bua:
1210 3947 1260 3998 nltl
1274 3947 1342 4002 sorte
1361 3947 1462 4002 cunstll

343 4033 385 4081 40.
399 4035 439 4082 44.
456 4039 494 4085 tt.
509 4041 548 4086 47.
567 4039 659 4085 49-44
678 4053 742 4088 am.
756 4055 795 4105 pr.
808 4041 874 4088 22-
924 4041 985 4084 auut
1005 4031 1105 4085 sceleris
1126 4043 1151 4084 44
1171 4035 1247 4098 accii,
1271 4033 1462 4102 quiscerem
1538 4075 1539 4086 .

343 4111 383 4162 27.
405 4104 512 4164 45-50.
535 4117 641 4167 54-69.
659 4121 766 4169 74-74.
786 4123 827 4170 77.
847 4128 873 4170 44
923 4133 980 4166 rem
1008 4126 1033 4167 44
1048 4117 1252 4170 coniurationem
1275 4117 1462 4188 prodiderunt.
1538 4103 1539 4144 1

342 4189 452 4244 xxvlu
465 4192 538 4245 codd.
553 4194 633 4247 Paria.
922 4199 1079 4266 -probruat
1092 4204 1134 4252 22.

375 4275 416 4324 64.
440 4275 552 4328 Boiarnn.
570 4276 601 4328 ad
613 4277 755 4331 Heracliani
772 4280 872 4335 Partitt.
957 4289 998 4335 74.
1011 4279 1087 4337 Natu
1099 4284 1277 4338 tc-honrn
1290 4297 1326 4338 at
1341 4288 1382 4336 45.

341 4371 367 4424 p.
385 4357 443 4408 ²95.
464 4358 602 4412 “mettar
627 4359 681 4414 ced.
708 4360 810 4416 Thura.
826 4381 872 4432 pro
957 4371 1000 4422 74,
1026 4366 1171 4421 Henuiniua
1195 4385 1297 4422 comma
1315 4377 1373 4438 peu
1398 4367 1461 4423 bau
