3028 5492
391 407 626 474 ronrsnnn
659 409 941 484 orvansonvn
1016 387 1018 394 '
1128 383 1231 485 lxiii

114 615 144 681 ed
157 614 337 680 Stoicorum
358 614 490 699 placita,
512 615 643 702 vitiaque
663 617 702 680 ad
715 617 832 702 rigidae
847 618 968 682 sinatis
980 621 1101 706 regulas
1113 624 1230 707 exigit,

109 727 136 778 et
150 713 186 776 sel
205 712 397 776 iuveniliter
423 733 458 774 uc
486 733 630 796 generose
656 715 766 791 ardet,
798 715 847 780 rel
880 739 1001 780 morose
1020 729 1114 781 atram
1135 721 1228 784 bilem

11 822 12 831 ’
112 809 223 874 cllmdit.
254 843 304 860 -·-
330 810 485 874 luvenalis
504 811 566 874 sive
587 811 720 892 graviter
741 813 889 896 praecipit
913 815 1059 876 virtutem
1079 827 1112 878 et
1131 822 1229 882 severi

113 906 249 972 monitoris
272 918 382 991 partes
403 908 483 988 agit,
503 909 585 982 sire,
609 907 653 967 ira
675 918 705 968 et
725 908 933 991 indignatione
960 911 1180 989 inflammatus,
1197 917 1228 977 in

111 1005 155 1088 ipsa
170 1002 368 1088 plerumque
388 1005 458 1067 vitia
472 1003 647 1078 invehitur,
670 1002 719 1066 vel
734 1005 853 1071 ¹scutica
879 1007 1029 1087 caedens,
1050 1010 1098 1072 vel
1120 1011 1229 1074 tollens

109 1099 290 1164 cachinnum.
315 1109 366 1175 (a)
394 1100 604 1162 Acrimoniam
626 1120 699 1162 vero
720 1100 947 1164 Archilochium
968 1125 1056 1186 saepe
1076 1115 1229 1188 temperat

107 1198 152 1260 risa
167 1205 200 1256 et
222 1196 417 1277 gravisum
438 1197 580 1258 comitate
601 1195 714 1258 condit.
744 1195 835 1259 Virus
862 1220 986 1283 quoque
1006 1199 1179 1262 acerbitatis
1195 1204 1228 1265 in

106 1292 188 1378 prinis
212 1292 419 1375 potissimum
448 1294 546 1355 satiris
572 1293 703 1365 evomit3
724 1293 756 1352 iu
777 1293 834 1369 iis,
855 1316 932 1377 qnae
952 1297 1010 1358 viri
1030 1307 1125 1360 aetate
1147 1321 1226 1380 pru-

103 1387 231 1450 rettioris
254 1387 501 1471 maturiorisqne
522 1388 635 1469 ingenii
655 1389 734 1449 setus
755 1387 850 1449 videri
874 1401 1020 1471 possunt,
1050 1393 1112 1454 irae
1133 1404 1228 1457 aestus

100 1484 150 1544 lere
168 1481 344 1543 deferbuit
359 1491 389 1542 et
403 1483 512 1564 frigori
533 1484 622 1544 cessit
635 1481 882 1544 declamationis:
898 1483 928 1544 in
952 1487 999 1547 his
1018 1487 1108 1548 etium
1129 1491 1228 1552 rarius

97 1578 218 1662 singuli,
244 1589 279 1640 et
292 1579 388 1642 dente
403 1579 502 1640 minus
523 1579 671 1641 maledieo
691 1589 839 1664 acutoque
860 1594 1049 1666 carpuntur,
1067 1595 1101 1646 nt
1115 1585 1147 1646 iu
1162 1587 1229 1649 Ho-

98 1674 157 1737 ratii
180 1673 340 1756 epistolis.

134 1772 260 1834 Persius
281 1778 445 1854 praecepta
465 1793 499 1834 ac
523 1769 582 1833 tela
601 1779 720 1833 tantum
741 1793 804 1834 non
830 1773 930 1834 omnia
952 1795 991 1836 ex
1012 1777 1133 1856 porticu
1154 1777 1230 1860 petit

99 1867 275 1937 cosebola:
291 1868 439 1930 Horatius
459 1877 489 1929 et
508 1867 659 1930 luvenalis
680 1889 717 1930 ex
732 1868 925 1952 philosophia
940 1891 1010 1932 nera
1026 1882 1056 1932 et
1073 1875 1229 1956 populari,

103 1987 171 2050 quae
190 1987 230 2028 ex
253 1965 351 2028 multa
372 1987 478 2027 rerum
504 1965 688 2046 experientia
708 1975 799 2048 atque
824 1968 969 2028 interiore
994 1969 1114 2050 generis
1135 1971 1228 2052 inge-

103 2064 200 2147 niique
221 2063 355 2124 bunaaui
378 2061 554 2144 cognitione
568 2061 675 2123 batista
696 2073 759 2138 est,
771 2073 803 2124 et
816 2062 854 2123 ad
870 2075 1057 2145 praesentem
1073 2065 1120 2128 rel
1134 2069 1229 2129 animi

104 2180 241 2234 sensnm,
265 2157 317 2220 rel
337 2179 443 2218 rernm
469 2156 696 2232 conditionem,
719 2159 767 2221 sel
792 2158 930 2220 indolem
951 2163 1123 2240 argumenti
1145 2183 1176 2224 se
1198 2174 1229 2226 et

105 2255 212 2316 iudicia
234 2277 288 2317 sua
312 2253 480 2336 componit.
507 2252 564 2314 llle
583 2273 674 2315 caeco
694 2255 772 2316 vitae
796 2277 832 2316 nc
856 2256 1032 2339 discipliuae
1053 2259 1229 2320 Stoicorum

107 2373 206 2414 amore
224 2361 336 2434 ceptus
356 2373 419 2412 non
440 2349 541 2425 videt,
561 2350 637 2433 quid
658 2351 688 2410 in
712 2351 768 2410 bac
792 2351 841 2412 vel
863 2352 913 2412 illa
933 2352 1095 2436 displicere
1115 2356 1227 2438 possit:

107 2448 156 2510 bis
168 2447 440 2531 pbilosophorum,
457 2447 619 2529 praecipue
632 2447 807 2508 Stoicorum
823 2447 1092 2534 cynicorumque,
1107 2473 1225 2526 mores,

103 2544 241 2621 babitus,
256 2542 432 2625 paradoxa,
446 2543 599 2626 argutiae,
616 2544 801 2626 arrogantia,
814 2543 1013 2606 dissimulatio
1027 2547 1143 2630 aliaque
1157 2548 1229 2610 sitia

95 2638 216 2722 largam
235 2639 360 2702 ridendi
376 2639 585 2722 irascendique
601 2640 761 2700 materiam
781 2639 939 2722 praebent.
961 2639 1047 2703 lllius
1066 2663 1229 2726 argumen-

98 2737 170 2796 tatio
192 2745 239 2798 est
259 2735 380 2797 subtilis
400 2744 432 2796 et
452 2745 560 2810 acuta,
579 2756 637 2796 nee
659 2735 720 2796 alte
735 2737 766 2796 in
781 2737 917 2796 animum
938 2735 1144 2813 descendens,
1165 2739 1228 2802 bo-

94 2853 165 2893 rum
187 2831 334 2914 simplex,
355 2832 395 2892 ad
417 2831 655 2914 uniuscuiusque
676 2841 797 2915 captum
825 2853 973 2916 usumque
994 2835 1232 2914 accommodata,

91 2929 218 3010 abipsa
239 2928 367 2991 veritate
389 2937 546 3009 suggesta,
567 2927 661 2988 manti
691 2931 812 3010 penitus
840 2929 931 2991 infixa
955 2931 1081 2992 haerens
1110 2929 1140 2993 tt
1159 2954 1226 2994 earn
1334 2947 1337 2958 '

89 3025 229 3087 suaviter
251 3023 394 3085 afficiens.
437 3024 555 3084 Horatii
583 3035 739 3104 praeterea
769 3024 958 3108 philosophia
985 3038 1030 3087 est
1060 3026 1110 3087 illa
1134 3030 1230 3108 ritae,

85 3143 170 3206 vequae
192 3121 309 3194 docet,
331 3120 516 3201 potentiam,
535 3119 670 3195 divitias,
698 3129 858 3182 externum
884 3121 1079 3204 splendorem
1102 3133 1132 3184 et
1159 3125 1227 3185 vul-

10 3252 11 3273 i
89 3218 179 3297 gas-ia
206 3216 372 3277 bominum
386 3215 486 3276 studia
502 3221 698 3277 contemnere
719 3238 755 3277 ao
774 3215 938 3292 deridere,
959 3216 1004 3277 nil
1021 3218 1185 3294 admirari,
1201 3221 1229 3283 b.

90 3337 118 3376 e.
133 3312 230 3375 valde
245 3304 294 3374 vel
313 3323 449 3374 metuere
464 3311 512 3374 vel
527 3333 654 3395 cupere,
671 3313 924 3396 tranquillitatem
946 3315 1074 3389 mentis,
1089 3318 1185 3377 otium
1202 3327 1232 3380 et

92 3410 343 3472 mediocritatem
363 3409 672 3482 securamlaorninis,
698 3431 759 3468 non
789 3409 820 3468 iu
852 3410 939 3486 aula,
964 3411 1017 3492 sed
1046 3412 1076 3472 in
1105 3433 1230 3475 recessu

92 3505 193 3567 libere
215 3526 255 3567 ao
269 3505 326 3566 sibi
348 3506 494 3582 niventis,
516 3527 706 3567 summorum
728 3507 880 3568 bonorum
905 3507 974 3568 loco
996 3518 1121 3588 putare,
1141 3509 1231 3571 rebus

6 3664 8 3691 Ι
93 3602 179 3678 suis,
195 3603 289 3664 etiam
311 3601 450 3683 exiguis,
469 3611 646 3664 contentum
662 3622 745 3676 esse,
768 3604 973 3684 praesentibus
986 3604 1063 3666 laete
1076 3607 1152 3683 frui,
1168 3625 1230 3667 uon

130 3816 174 3881 (t)
196 3817 307 3883 eQuum
321 3812 390 3866 inter
406 3833 451 3866 cos
469 3810 587 3876 homines
601 3814 640 3866 vi·
693 3815 785 3885 stiget,
798 3813 864 3866 citit
884 3827 967 3886 potest
983 3837 1106 3888 suspenso
1127 3817 1230 3870 brachio

101 3911 191 3964 neret,
207 3917 323 3970 qnorum
344 3897 425 3952 animi
439 3900 565 3951 vitiorum
583 3899 642 3952 din-
694 3908 801 3962 notare,
813 3897 879 3949 nibil
892 3899 971 3952 sncete
983 3900 1106 3964 illudere,
1118 3899 1144 3951 in
1159 3919 1230 3956 snrn·,

97 3985 224 4040 laenitate
236 3983 333 4038 callum
355 3985 408 4038 iam
426 3985 552 4039 duxerant
569 3987 641 4055 inge·
695 4001 766 4035 snam
782 3981 909 4036 invidiam
928 3995 1016 4036 contra
1030 3983 1152 4047 adducit,
1165 4005 1231 4054 qnae

16 4071 17 4080 ’
99 4069 198 4140 niaque
212 4071 306 4124 obtusa
320 4081 395 4123 erant
408 4069 642 4125 luxurin:urbani·
695 4067 862 4138 vituperanda
883 4079 954 4134 siant,
980 4079 1005 4121 et
1030 4069 1095 4120 risus
1120 4066 1184 4121 lenis
1205 4081 1232 4124 et

99 4167 150 4210 tate
167 4167 195 4209 et
213 4156 314 4209 facetiis
331 4196 338 4218 ,
359 4174 424 4224 quse
441 4155 578 4209 Horatium
598 4177 642 4211 nc·
695 4155 837 4219 iucundus,
855 4174 909 4226 quo
923 4155 954 4208 ab
969 4155 1050 4206 animi
1067 4157 1230 4225 permotione

100 4242 287 4308 bilitnveraut‚
316 4239 428 4310 iocisque
452 4241 590 4294 subtilibus
615 4252 641 4294 et
692 4241 757 4294 liber
768 4260 826 4293 usus
840 4241 937 4308 luisset,
952 4260 1022 4294 nnnc
1033 4241 1061 4292 in
1075 4239 1231 4294 cachinnum

20 4362 23 4405 3
101 4327 180 4380 antis
194 4327 241 4379 nix
258 4325 420 4396 poteratuti.
438 4326 558 4389 Accedit,
573 4327 642 4396 qnod
694 4327 778 4381 abita
803 4327 904 4404 Koenig
925 4329 962 4380 De
983 4331 1232 4410 satyraRom.paq.

22 4430 23 4443 ¹
101 4411 232 4484 is,quem
256 4410 418 4483 indignatio,
437 4430 468 4462 ex
487 4409 643 4478 sceleribus,
696 4419 736 4468 81.

23 4516 24 4525 ’
100 4493 271 4569 improbitate
286 4507 313 4552 et
335 4495 495 4570 turpitudine
510 4506 582 4566 orta,
599 4497 644 4554 iu-
