3108 5494
338 383 399 476 86
759 417 979 475 revertetis

335 619 481 690 Paucae
501 611 596 688 adeo
615 615 761 689 Cereris
781 615 888 690 vittas
914 615 1136 720 contingere
1154 613 1316 721 dignae,
1429 659 1470 712 ⁵0

336 735 505 826 Quarum
523 757 603 807 non
629 732 757 806 timeat
774 749 883 834 pater
900 731 1040 808 oscula.
1061 735 1177 810 Necte
1197 760 1382 814 eoronam

334 844 508 922 Postibus
528 861 566 918 et
584 843 721 921 densos
738 873 809 950 per
826 845 956 921 limina
976 845 1092 922 tende
1112 851 1329 954 corymbos.

331 965 443 1063 ¹Vnus
461 962 634 1037 lberinae
653 963 711 1040 vir
728 966 891 1039 suffieit?
908 967 1026 1044 Ocius¹
1041 963 1139 1040 illud

278 1081 281 1095 '
335 1080 611 1184 Extorquebis‚
630 1097 673 1154 ut
688 1082 781 1155 haee
798 1079 910 1158 oculo
929 1097 1109 1158 contentu
1126 1085 1174 1158 sit
1191 1090 1283 1160 uno.
1510 1165 1514 1190 ι

335 1198 473 1299 Magna
491 1213 618 1271 tamen
636 1195 734 1270 fama
748 1213 804 1272 est
822 1196 1015 1272 cuiusdam
1034 1224 1125 1274 rure
1144 1215 1307 1304 paterno
1430 1241 1467 1292 55

335 1315 515 1390 Viventis.
535 1315 646 1392 Vivet
665 1311 811 1404 Gabiis,
830 1331 873 1388 ut
890 1314 980 1389 vixit
998 1316 1040 1387 in
1060 1341 1175 1418 agro3

336 1431 447 1508 Vivat
464 1427 641 1505 Fidenis!
665 1447 704 1504 et
722 1427 845 1533 agello
865 1428 960 1504 cedo
979 1445 1152 1534 paterno.

336 1547 428 1640 Quis
442 1559 567 1620 tamen
586 1547 764 1636 affirmat,
782 1544 838 1620 nil
856 1561 981 1620 aetum
996 1549 1038 1620 in
1055 1545 1247 1622 montibus
1269 1563 1336 1624 aut
1351 1550 1410 1624 in·

336 1660 563 1766 Speluncis?
581 1661 687 1738 Adeo
704 1677 919 1737 ‘senuerunt
935 1664 1081 1767 Iupiter
1094 1679 1133 1738 et
1152 1665 1277 1746 Mars?

344 1771 347 1780 ’
387 1778 648 1856 Porticibusne
663 1781 732 1854 tibi
751 1796 983 1854 monstratur
1001 1779 1142 1856 femina
1160 1795 1248 1857 voto
1424 1817 1465 1869 aa

336 1896 459 1999 Digna
477 1898 578 1972 tuo?
596 1898 733 1973 Cuneis
751 1914 800 1970 en
817 1895 960 1971 habent
978 1896 1195 2002 spectacula
1215 1899 1326 1990 totis,

335 2010 449 2107 Quod
468 2035 622 2088 securus
640 2039 739 2088 emes
757 2013 940 2118 quodque
959 2013 1049 2090 inde
1067 2039 1272 2118 excerpere
1301 2017 1420 2122 possis
1436 2017 1460 2089 ‘l

336 2130 592 2206 Chironomou
611 2124 750 2203 Ledam
769 2127 873 2202 rnolli
893 2129 1051 2203 saltante
1070 2129 1275 2234 Bathyllo,

337 2243 480 2319 Tuccia
498 2247 643 2322 vesicae
661 2269 740 2318 non
756 2247 942 2348 imperat3
961 2243 1113 2348 Appula
1133 2249 1280 2347 gannit,

336 2360 442 2435 Sicut
459 2361 500 2434 in
517 2358 715 2463 amplexu,
731 2357 896 2434 subitum
915 2375 953 2433 et
970 2359 1203 2436 miserabile:
1225 2362 1383 2465 longum
1423 2399 1457 2448 σς

337 2475 508 2552 Attendit
525 2473 733 2580 Thymele3
754 2475 936 2580 Thymele
956 2493 1049 2552 tune
1070 2477 1210 2553 rustica
1224 2477 1347 2556 discit.

337 2596 404 2670 Ast
422 2583 538 2685 aliae,
557 2595 706 2697 quoties
727 2591 859 2668 auleeu
877 2593 1074 2669 recondita
1092 2611 1251 2688 cessent,

336 2709 387 2783 Et
404 2735 524 2784 vacuo
542 2705 747 2812 clausoque
768 2723 904 2783 sonant
922 2709 1007 2784 fora
1023 2705 1103 2786 sola
1118 2711 1291 2803 theatro,

337 2824 463 2928 Atque
482 2854 504 2899 a
521 2822 680 2930 plebeiis
699 2822 814 2929 longe
831 2825 1052 2930 Megalesia,
1073 2829 1198 2904 tristes

373 3111 413 3161 ⁵2.
430 3118 499 3160 neele
512 3123 559 3177 pro
574 3108 871 3164 waterstetm.
910 3105 1001 3176 ,Vivet
1023 3105 1058 3161 lte
1080 3107 1209 3160 Relatis?
1233 3106 1272 3158 Er
1300 3105 1387 3177 agello
1408 3113 1464 3159 etl.

337 3193 380 3243 26.
399 3193 508 3244 45-48.
528 3193 637 3243 55-64.
656 3196 697 3244 63.
717 3195 760 3243 64.
781 3195 823 3243 65.
846 3198 873 3242 et
922 3190 1021 3242 Mutata
1033 3199 1121 3243 temen
1132 3186 1461 3254 distinetione(nemvul·

240 3275 241 3278 ’
338 3271 443 3343 quidem
463 3271 538 3326 codd.
557 3272 636 3326 Paris.
674 3271 726 3328 Sed
749 3273 786 3326 ite
802 3271 873 3327 idem
922 3271 990 3342 geria
1003 3271 1129 3325 enheeet
1143 3275 1246 3344 Magna
1261 3283 1344 3323 temen
1359 3301 1392 3312 -
1406 3269 1463 3324 Va·-

338 3356 447 3410 verbum
464 3367 630 3427 repeteretur.
922 3359 1014 3408 veno:
1027 3355 1058 3410 V
1057 3360 1107 3408 ἰναι
1118 3354 1333 3419 Gallie,utaieit
1342 3359 1370 3408 in
1382 3371 1462 3424 agre:

372 3448 415 3496 53.
430 3443 490 3495 Post
508 3441 600 3514 suffieit
621 3443 769 3514 Grangeens
787 3443 874 3499 etalii
925 3428 1005 3494 Vivat
1015 3440 1165 3512 etiamne
1177 3439 1462 3509 agellooedopeterm.

337 3521 381 3576 vel
395 3533 520 3592 punctum
532 3521 574 3576 vel
586 3521 691 3594 rignum
702 3521 871 3578 excitandae
922 3521 986 3591 Quis
996 3526 1064 3591 eet.)
1084 3521 1268 3592 expeditiorem
1282 3522 1333 3575 t'eei
1349 3529 1459 3574 senten·

336 3607 489 3678 interroget.
518 3615 634 3676 penum,
657 3616 687 3659 ut
720 3606 771 3660 sint
794 3608 872 3661 verbe
920 3605 983 3657 tiam
997 3603 1023 3656 h.
1037 3604 1054 3657 l.
1075 3605 1107 3659 de
1123 3625 1175 3676 que
1195 3605 1347 3675 interpretes
1363 3620 1461 3675 perenn

336 3690 452 3742 Postumi
469 3709 529 3742 unua
542 3690 656 3741 Iberinae
668 3694 710 3742 vir
722 3689 814 3760 nsfficit
821 3731 831 3756 ,
845 3690 871 3745 b.
920 3687 994 3740 fuere
1006 3687 1116 3742 solliciti.
1229 3713 1233 3722 ¹

336 3795 359 3825 e.
372 3791 430 3825 meo
443 3784 582 3826 urorcesta
592 3783 630 3826 en
643 3771 683 3826 vel
694 3771 751 3848 erit,
762 3783 871 3840 eterree,
957 3777 997 3824 5⁷.
1010 3773 1071 3825 oecle
1085 3777 1127 3826 tt.
1140 3780 1183 3828 et.
1198 3779 1240 3826 77.
1255 3773 1285 3826 V
1285 3777 1338 3826 iret
1353 3771 1463 3838 Gabiis,
1480 3833 1489 3848 ·

336 3855 380 3926 qui
398 3853 498 3908 nullam
514 3865 588 3925 putea
606 3853 719 3910 inveniri
741 3855 871 3926 pudieam.
921 3865 947 3906 nt
960 3857 1026 3907 vixit
1046 3860 1072 3907 in
1091 3874 1174 3928 egro,-
1195 3856 1276 3911 Vivat
1292 3856 1417 3920 namn,
1431 3869 1462 3908 aa

335 3940 388 3994 Sed
404 3959 431 3994 v.
447 3943 551 3994 Comen.
921 3936 1006 4005 agello
1019 3937 1080 3988 erdo
1094 3947 1198 4005 patemo
1216 3935 1356 4006 legendum
1370 3945 1463 3989 censet

371 4029 412 4076 55.
425 4027 567 4094 cuiusquam
581 4029 622 4077 tt.
636 4020 788 4094 Legendum
797 4019 867 4076 vide·
917 4019 1022 4083 Mauso,
1035 4028 1064 4070 ut
1077 4019 1125 4071 sibi
1137 4029 1254 4072 constent
1267 4017 1350 4072 oretio
1362 4018 1462 4072 oratio·

336 4116 377 4160 tur
390 4111 535 4177 adusquetn
546 4125 601 4158 rure
616 4125 641 4176 p.
655 4127 678 4160 ν.
918 4103 1011 4171 nisque
1020 4103 1138 4156 membra
1148 4113 1173 4157 et
1181 4101 1314 4156 nemnem
1322 4103 1349 4162 id
1361 4102 1463 4156 vidieee

370 4194 409 4244 56.
444 4189 597 4259 suspicabor
629 4187 692 4242 olim
729 4186 869 4260 legendum
917 4187 1035 4240 mirator.
1051 4187 1117 4240 Mihi
1138 4189 1221 4258 potins
1235 4187 1316 4242 serbe
1336 4190 1374 4242 sie
1395 4186 1458 4241 len·

336 4288 405 4324 esee:
420 4273 498 4326 Vivet
515 4273 608 4326 Gabiis.
623 4273 669 4341 (b.
687 4272 827 4324 e.·vivetue
840 4273 868 4325 iu
916 4289 996 4344 gnere
1008 4271 1139 4326 videntur.

334 4355 444 4423 oppidis,
453 4371 610 4428 quemquern
617 4355 703 4425 pervio
714 4354 867 4417 eedeeertit,
949 4361 1057 4412 64-66.
1071 4358 1112 4412 Cf.
1125 4360 1229 4410 Exeure.
1243 4357 1275 4411 ed
1290 4359 1316 4410 lt.
1326 4355 1343 4410 l.

336 4437 434 4492 nedum
454 4443 585 4506 Rornae),
604 4451 631 4494 ut
651 4442 713 4494 vixit
731 4444 758 4494 in
779 4445 865 4509 agro?
948 4445 991 4495 68.
1004 4454 1090 4496 sonam
1106 4443 1195 4496 aulaea
1207 4442 1303 4496 atnam
1316 4447 1359 4495 26.
