3046 5498
220 369 225 373 ’
330 393 349 492 l
754 421 812 482 ue
845 373 1054 482 strrrrnrs

324 633 399 720 fus,
423 632 594 706 Cornutus,
619 628 733 692 Gavius
752 627 870 690 Bassus
890 635 920 689 et
944 626 1094 688 Rabirius
1114 645 1138 688 s.
1158 625 1293 689 Rubrius
1324 626 1462 714 aliique,

331 751 410 816 quos
428 731 510 790 famu
529 727 661 790 obscura
681 723 820 786 recondit
851 721 1009 804 (Quintil.
1025 723 1077 798 X,
1101 747 1126 784 r.
1138 745 1161 784 e.
1181 727 1230 803 94.
1251 723 1379 788 laudatis
1400 725 1460 788 Lu·

331 828 422 904 cilio,
441 825 568 888 Horatio
589 833 619 886 et
639 822 761 896 Persio,
791 823 866 882 boec
887 820 1061 901 subiungit:
1091 820 1166 882 Sunt
1189 821 1271 882 clari
1290 823 1457 908 hodieque,

331 939 361 986 et
379 925 432 1009 qni
451 922 524 984 olim
539 921 801 994 nominabuntur).
822 920 900 979 Tres
921 919 1061 1000 priores,
1076 919 1240 979 Auruncae
1254 929 1366 994 nutus,
1381 942 1460 1004 quae

331 1018 443 1082 Lucilii
466 1037 590 1102 quoque
610 1015 707 1098 patrie
728 1014 805 1088 luit,
826 1023 976 1094 memorat
995 1024 1080 1075 retus
1100 1013 1287 1078 Scboliaetes
1306 1017 1460 1078 luvenalis

330 1115 371 1177 ud
384 1115 445 1176 Sat.
467 1115 504 1190 l,
526 1135 575 1176 20.
588 1111 641 1172 ubi
662 1110 736 1172 haec
751 1109 881 1171 notovit:
904 1111 1041 1170 Turnum
1062 1108 1138 1172 dicit
1156 1111 1288 1173 Scaevae
1307 1115 1460 1176 Memoris

330 1211 441 1296 tragici
450 1215 560 1291 poe'tae
568 1209 725 1289 fratrem,
741 1209 795 1289 qui
815 1205 946 1267 libertini
964 1206 1082 1286 generis
1101 1205 1285 1268 adbonores
1296 1209 1461 1272 ambitione

326 1317 486 1388 provectus
505 1317 568 1377 est,
585 1316 693 1384 potens
712 1303 747 1360 in
767 1300 842 1360 auia
868 1301 1129 1380 Vespasianorum
1152 1303 1218 1361 Titi
1230 1317 1260 1363 et
1271 1304 1460 1365 Domitianis

329 1400 377 1461 vel
396 1400 526 1460 Leuium
548 1396 644 1470 dicit,
674 1399 728 1479 qui
757 1407 784 1456 et
815 1397 880 1478 ipse
910 1393 1028 1455 Satires
1052 1397 1188 1478 scripsit:
1217 1397 1262 1470 vel
1281 1397 1406 1474 Silium,
1426 1414 1458 1462 ct

330 1497 433 1578 ipsum
453 1497 502 1555 sui
520 1495 662 1577 temporis
684 1493 858 1554 Satiricnm.
895 1490 954 1572 Qui
973 1513 1076 1554 omnes
1095 1515 1139 1553 ex
1158 1494 1305 1556 Aurunca
1316 1497 1453 1576 suerunt.

329 1593 447 1654 Lenius
467 1599 498 1652 ct
517 1590 627 1666 Silius,
647 1590 731 1670 quod
752 1588 865 1660 sciam,
895 1607 959 1648 non
986 1586 1051 1649 eliis
1072 1587 1246 1662 laudantur,
1276 1589 1336 1651 nisi
1358 1593 1455 1674 potius

329 1687 379 1750 illi
400 1707 513 1750 nomen
538 1686 597 1748 tuit
617 1685 762 1762 Lenaeo,
784 1683 904 1766 dequo
924 1705 1015 1764 cupre
1037 1683 1120 1755 dixi,
1141 1694 1172 1746 et
1193 1685 1265 1746 huic
1285 1707 1458 1769 cognomen

330 1787 429 1846 Basso
450 1783 497 1844 vel
517 1782 654 1866 Sparso,
675 1782 729 1863 qui
749 1779 888 1841 rhetores
909 1779 997 1841 fuere
1028 1789 1071 1852 (v.
1100 1781 1209 1843 Senec.
1230 1780 1379 1845 Contror.
1398 1785 1458 1848 lll.

329 1881 383 1943 Vl.
403 1891 435 1943 et
448 1880 533 1956 Vll).
555 1881 655 1940 ‘turni
669 1885 770 1938 nutem
789 1874 904 1937 Satires
925 1873 1118 1957 amplissimis
1131 1876 1233 1938 verbis
1252 1889 1365 1940 ornent
1378 1881 1459 1942 Mar·

328 1975 392 2038 tial.
412 1975 490 2048 Vll,
514 1999 564 2060 97.
585 1973 640 2035 Xl.
663 1995 710 2037 ιο.
725 1971 820 2034 Rutil.
840 1971 872 2030 iu
894 1969 999 2032 Itiner.
1021 1971 1055 2046 l,
1072 1971 1142 2034 600.
1157 1981 1187 2032 et
1202 1973 1309 2034 Sidon.
1322 1975 1458 2058 Apolliu.

330 2071 433 2134 Curru.
455 2073 514 2134 lX.
535 2079 666 2133 excuset.
686 2069 724 2129 ad
749 2067 884 2129 Felicem
905 2088 936 2130 x.
957 2070 1027 2150 267.
1052 2066 1141 2128 Conf.
1162 2069 1351 2131 Wernsdorf
1368 2073 1401 2132 P.
1426 2073 1458 2132 l.

329 2169 377 2233 Μ.
398 2167 467 2235 Vol.
485 2167 542 2229 lll.
562 2189 592 2248 p.
615 2167 689 2227 LIX
703 2185 765 2247 seq.
786 2165 840 2247 qui
862 2185 924 2224 non
946 2164 1033 2226 ranis
1053 2163 1222 2227 rationibus
1235 2165 1345 2240 ductus
1359 2168 1460 2249 suspi-

329 2275 428 2340 catur,
447 2285 520 2326 eum
540 2271 697 2324 auctorem
718 2260 810 2322 fuisse
830 2260 947 2321 Sutirue
969 2259 1126 2342 prolixae,
1139 2282 1217 2342 quae
1238 2263 1371 2326 Neronis
1384 2265 1458 2326 ritis

326 2359 503 2442 sceleraque
529 2357 632 2420 omnia
662 2355 788 2417 liberius
808 2363 839 2415 ct
857 2354 950 2438 longo
979 2354 1088 2414 ordine
1108 2375 1263 2418 enarrasse
1282 2355 1405 2419 videtur
1429 2368 1460 2419 et

326 2456 415 2517 cuius
437 2457 661 2536 fragmentum,
695 2450 783 2513 XXX
813 2471 918 2514 versus
939 2450 1167 2534 complectens,
1193 2475 1231 2526 ex
1252 2455 1285 2516 P.
1312 2457 1460 2518 Burman.

329 2549 454 2614 Antbol.
489 2551 554 2612 bet.
576 2551 614 2611 T.
637 2549 680 2614 ll.
701 2569 731 2628 p.
757 2546 826 2623 645.
849 2545 900 2608 ille
920 2567 990 2608 cum
1012 2547 1093 2608 notis
1114 2547 1252 2610 exhibuit
1271 2549 1344 2613 ibid.
1366 2573 1395 2633 p.
1421 2570 1460 2635 77

327 2668 391 2729 seq.
411 2649 458 2708 Ex
479 2646 584 2708 eadem
607 2642 730 2708 velulis
752 2643 854 2704 Turni
876 2643 965 2703 sotira
991 2643 1077 2724 petiti
1101 2643 1162 2705 duo
1182 2665 1305 2720 verens,
1325 2649 1377 2731 qui
1397 2648 1460 2709 ud-

327 2742 457 2804 modum
478 2750 626 2823 oorrupte
645 2739 790 2822 leguntur
811 2739 842 2798 in
863 2747 934 2801 vett.
955 2738 1086 2800 Scholiis
1102 2740 1207 2801 lurco.
1228 2742 1266 2803 ed
1285 2743 1348 2804 Sat.
1370 2744 1461 2828 1⁵7¹·

326 2840 383 2900 Esc
405 2857 467 2918 quo
498 2839 665 2900 Caesareas
693 2835 809 2895 soboles
838 2833 969 2894 horrida
1000 2835 1135 2896 Locusta
1165 2836 1286 2900 Occidit
1312 2861 1389 2902 cura
1408 2840 1460 2900 sui

327 2953 419 2996 verna
440 2946 513 2995 unte
534 2935 678 2994 Neronis.
700 2931 786 3010 Quos
807 2931 890 2991 varie
910 2931 1116 2992 emendarunt
1135 2931 1193 2993 viri
1213 2933 1313 2996 docti:
1336 2935 1460 2998 Caseu-

326 3030 426 3091 bonns
440 3029 480 3090 de
500 3029 562 3090 Sat.
583 3030 672 3090 Rom.
693 3049 724 3109 p.
746 3028 817 3089 231.
839 3029 897 3086 Ex
916 3048 975 3111 qno
999 3027 1032 3088 C.
1053 3049 1075 3087 s.
1101 3028 1258 3092 homicida
1276 3032 1313 3092 L.
1336 3033 1461 3096 Occidit

326 3147 476 3210 curaeque
506 3127 612 3186 veneni
641 3123 771 3184 admota
802 3126 922 3184 Neroni
943 3137 999 3194 ests
1024 3123 1165 3185 Rertbius
1189 3125 1317 3188 Adsere.
1339 3128 1460 3201 XXlV,

329 3245 377 3283 rr.
401 3221 505 3284 Oirces
519 3222 549 3280 vi
569 3241 678 3280 vernae
701 3231 775 3279 uota
795 3219 932 3292 Neroni,
953 3217 1001 3279 vel
1019 3239 1095 3278 cura
1117 3221 1234 3284 vivaria
1256 3223 1299 3294 (h.
1315 3243 1341 3282 e.
1358 3245 1459 3304 pm.

326 3317 377 3377 dia
398 3336 416 3376 a
436 3316 560 3376 Nerone
580 3312 703 3388 donate)
735 3327 828 3374 necta
859 3315 1012 3385 Neronis3
1039 3314 1089 3374 vir
1118 3313 1225 3376 doctus
1257 3315 1288 3375 in
1323 3317 1459 3380 Miscell.

328 3411 416 3474 Obss.
437 3411 476 3472 Τ.
490 3409 529 3471 V.
550 3431 580 3492 p.
602 3412 673 3485 eet.
695 3407 766 3470 coll.
781 3411 866 3469 Suet.
886 3411 960 3470 Ner.
983 3409 1032 3470 33.
1053 3411 1096 3470 Et
1115 3432 1174 3492 quo
1198 3411 1379 3474 Caesaream
1402 3437 1460 3475 so·

326 3508 422 3568 belem
448 3507 580 3567 locusta
613 3505 721 3567 cecidit
751 3505 919 3577 Horrida,
949 3503 1043 3566 caede
1069 3508 1131 3566 suis
1159 3512 1353 3570 vernacium
1378 3525 1459 3574 nota

327 3601 446 3661 Neroni
453 3622 465 3671 ,·
488 3599 679 3662 Wernsdort
697 3599 719 3664 l.
740 3599 760 3660 l.
782 3621 812 3682 p.
833 3601 883 3662 82.
904 3600 961 3660 Ex
981 3623 1040 3682 quo
1058 3602 1092 3661 C.
1105 3623 1130 3662 s.
1149 3602 1304 3664 horrenda
1318 3606 1459 3668 Locusta

329 3697 475 3774 Occidit,
496 3697 583 3757 Circe
596 3698 676 3757 inter
694 3715 810 3758 cernas·
821 3711 893 3758 uota
914 3699 1069 3774 Neronis,
1091 3697 1137 3759 rel
1158 3719 1269 3762 curans
1283 3704 1363 3761 saevi
1378 3707 1458 3782 fera

327 3806 396 3854 voto
416 3793 559 3854 Neronis.

366 3885 505 3970 Sulpicio
526 3907 549 3947 s.
570 3885 718 3970 Sulpitia,
754 3886 861 3949 Caleni
883 3909 972 3963 uxor,
998 3897 1118 3973 praeter
1148 3891 1285 3953 carmina
1306 3895 1457 3956 emntorin

323 3983 456 4046 Sotiram
488 3981 526 4044 de
557 3993 707 4067 corrupto
738 3985 784 4045 rei
803 3983 944 4067 publicae
964 3995 1044 4066 statu
1072 3989 1261 4071 temporibus
1281 3990 1457 4052 Domitiani

324 4088 401 4140 tunc
420 4079 558 4160 scripsit,
578 4101 675 4162 quum
697 4088 846 4164 tyrannus
871 4080 922 4142 ille
936 4083 1046 4156 ,edicto
1067 4083 1265 4168 philosophos
1285 4065 1378 4149 vrbe*
1393 4109 1456 4150 ex-

325 4171 462 4255 pulisset.
493 4175 535 4234 Eu
565 4173 666 4236 udbuc
699 4185 793 4237 exstet
819 4184 848 4236 et
868 4177 970 4238 multis
991 4179 1212 4263 exemplaribus
1234 4193 1297 4244 lum
1320 4185 1453 4246 Ausonii

325 4266 433 4345 (inter
464 4267 549 4330 cuius
571 4271 706 4330 carmina
726 4269 860 4352 primum
881 4282 1002 4355 reperte
1034 4283 1078 4334 est
1108 4285 1138 4336 et
1160 4275 1241 4338 edita
1274 4297 1302 4336 a.
1335 4277 1454 4339 15ooa

324 4358 491 4424 'l'baddaeo
511 4362 666 4446 Vgoleto),
688 4376 755 4426 tum
768 4366 925 4443 Petronii,
945 4366 1195 4445 Catalectorum,
1221 4372 1318 4434 Persii
1339 4381 1370 4434 et
1389 4373 1452 4436 lu-

227 4527 228 4530 ,
320 4455 439 4521 recolis
460 4456 578 4524 adnexa
592 4468 653 4524 est:
675 4471 798 4546 recepta
817 4483 939 4558 quoque
958 4486 975 4528 e
996 4463 1210 4540 Wctnetlorlio
1231 4467 1263 4540 in
1285 4469 1367 4539 roes.
1381 4471 1454 4538 Lut-
