3078 5494
763 409 976 474 Excvnsvs

301 611 372 672 liter
393 610 454 673 illas
478 598 590 673 'fabulas
619 619 649 672 et
676 613 847 674 commenta
878 619 1035 695 putten-um
1068 608 1213 692 explodit.
1247 603 1416 694 Respexit,

302 705 435 786 opinor,
455 705 547 768 verba
562 705 651 786 Virg.
666 709 742 766 Aen.
755 707 783 766 'V
787 707 813 779 Ι,
825 708 884 768 302
905 725 968 786 seq.
990 703 1060 777 (ubi
1070 704 1177 778 etiam,
1197 699 1231 766 ui
1244 702 1310 767 tut
1329 725 1422 766 veruo

301 817 362 880 req.
382 797 420 858 de
439 817 548 879 magna
568 797 767 872 umbrarum,
790 799 951 860 transmitti
970 796 1170 879 cupientium,
1185 796 1275 858 turha
1288 797 1417 878 agitur)-

301 895 371 974 Ipre
390 893 512 955 Charon
533 893 667 976 portitor
695 907 792 954 ratem
813 909 900 956 conto
920 894 1027 972 subigit
1048 893 1182 975 udisque
1207 893 1358 953 ministrat
1376 895 1420 956 Et

296 991 472 1073 ferruginea
492 989 638 1050 uubvectat
651 1009 785 1070 corpora
798 988 1024 1068 cymbae-Nic.
1044 988 1185 1050 Heinsius
1203 1009 1260 1071 pro
1280 989 1323 1050 Et
1335 1011 1420 1072 pou-

302 1082 435 1146 tum'vel
462 1095 582 1144 contum
603 1081 734 1144 malebat
763 1085 804 1145 Er
837 1085 1028 1146 Porthmeum
1058 1081 1106 1145 rel
1137 1084 1361 1167 Porthmeaque
1389 1098 1420 1144 et

305 1187 356 1252 (r.
375 1179 479 1240 Barm.
498 1177 536 1240 ad
558 1176 746 1260 virg.1.1.>;
764 1187 796 1238 at
818 1179 927 1241 Sterke
954 1179 986 1240 in
1006 1179 1087 1240 Actia
1105 1177 1256 1242 literariie'
1268 1179 1421 1240 aoeietatin

303 1271 625 1334 Rheno-Traiectiuae
646 1270 726 1333 tud,
744 1271 807 1333 But.
832 1274 916 1356 ¹793*
940 1273 969 1336 8.
988 1269 1028 1335 Τ.
1047 1272 1072 1333 l.
1094 1291 1123 1354 p.
1150 1273 1214 1350 174.
1234 1271 1275 1331 Et
1293 1285 1420 1334 uantum

303 1381 332 1428 et
352 1368 457 1450 Stygio
477 1389 571 1428 ranae
598 1375 656 1429 eet.
685 1365 713 1428 h.
733 1385 760 1428 e.
781 1383 866 1429 ranas
886 1376 1048 1430 emtautea.
1082 1369 1129 1428 lta
1148 1364 1259 1447 legitur
1290 1367 1322 1424 in
1344 1366 1418 1428 nod.

308 1465 355 1528 ιθ.
376 1461 466 1544 idque
486 1463 606 1546 plaeere
624 1469 723 1544 potent
753 1473 878 1546 propter
902 1463 1080 1545 exquisitam
1100 1461 1241 1546 loquendi
1257 1461 1416 1537 formam,

305 1567 336 1620 et
365 1557 462 1622 lunum
484 1558 651 1642 triumphu
668 1556 707 1618 de
736 1558 826 1620 Runie
857 1560 969 1620 Aust.
1001 1558 1050 1620 Se.
1072 1559 1100 1632 4.
1130 1557 1182 1618 ubi
1209 1553 1345 1630 Charon,
1369 1558 1414 1618 ad

211 1656 215 1662 '
279 1647 423 1716 'remum
447 1653 597 1736 agendam
625 1653 757 1714 excitans
787 1653 959 1730 Bacchum,
989 1653 1178 1716 suavissimos
1206 1651 1281 1713 dieit
1308 1652 1348 1711 ab
1372 1673 1412 1714 eo

303 1747 439 1810 auditum
465 1749 503 1808 iri
534 1761 679 1810 ranarum
699 1756 821 1822 eantur,
851 1749 875 1808 ei
895 1769 981 1810 remo
1002 1747 1200 1810 incumberet
1229 1746 1291 1808 Sed
1310 1757 1429 1807 nouum·

304 1844 440 1905 omnium
469 1845 534 1905 fare
558 1843 707 1905 librorum
740 1843 830 1904 lertio
858 1861 920 1902 non
942 1842 1061 1914 videtur
1091 1841 1296 1922 sollicitanda,
1319 1861 1416 1924 enque

303 1959 448 2020 numeror
466 1959 571 2002 uerum
594 1939 799 2002 fabuloraram
821 1949 974 2022 augetur.-

737 2121 950 2186 EXCVRSVS

602 2213 1029 2352 'hffiffifflffi

343 2420 484 2480 Miratur
507 2437 612 2481 uocem
631 2430 807 2501 angustam,
836 2437 898 2500 qua
927 2415 1058 2479 deterius
1085 2437 1139 2479 neo
1158 2417 1218 2479 Ille
1235 2431 1325 2478 sonat
1340 2455 1353 2492 ,
1370 2423 1416 2488 (a)

302 2529 361 2592 quo
381 2511 538 2572 mordetur
560 2511 820 2591 galliruamorito.
848 2509 1005 2571 Sententia
1026 2510 1138 2572 horum
1164 2510 1328 2572 verborum
1350 2529 1418 2570 non

303 2603 430 2664 obseura
444 2592 588 2686 quidem,
607 2603 660 2665 aed
676 2624 781 2686 purum
806 2603 965 2664 commode
985 2624 1122 2685 expressa
1136 2602 1269 2676 videtur-5
1289 2601 1345 2663 etsi
1361 2603 1414 2660 in·

304 2705 451 2778 terpretea
464 2708 580 2760 tantum
603 2714 665 2760 non
686 2719 791 2760 omnes
811 2697 1015 2759 difficultatem
1027 2719 1134 2760 eorum
1155 2698 1202 2760 vel
1222 2718 1282 2760 non
1304 2715 1414 2758 nense·

304 2802 396 2866 runt,
424 2793 471 2852 aei
491 2790 599 2852 callide
618 2790 855 2852 dissimularunt.
888 2791 974 2852 Libri
995 2803 1096 2852 tamen
1117 2812 1178 2851 non
1200 2791 1336 2864 variant,
1357 2788 1416 2850 nisi

304 2885 385 2967 qnod
411 2885 543 2946 deterior
557 2883 670 2967 legitur
688 2885 719 2944 iu
746 2885 788 2945 15.
804 2893 835 2945 et
853 2890 903 2961 24.
917 2891 1045 2946 maritus
1057 2887 1088 2945 in
1107 2886 1150 2946 16.
1175 2885 1238 2946 ltta
1257 2893 1287 2946 et
1305 2905 1416 2966 quem-

303 2979 430 3042 ordetur
458 2981 490 3040 in
521 2989 578 3042 ret.
608 2978 677 3042 eod.
707 2979 871 3053 Cluverii3'
891 2981 970 3041 unde
1000 2981 1049 3042 hie
1082 2979 1243 3064 legendum
1272 2979 1415 3058 putabat:

304 3094 366 3157 qua
378 3063 508 3137 deteritur
527 3095 582 3135 aer
597 3074 659 3134 uta
678 3089 783 3149 sonat,
803 3096 881 3156 quae
897 3075 943 3134 rel
962 3095 1053 3157 quum
1073 3073 1357 3158 mordetur'gallino
1371 3083 1414 3147 (u)

304 3171 423 3231 marito.
443 3169 530 3247 Quae
548 3167 639 3231 leotio
665 3170 775 3232 rationi
796 3181 825 3230 et
845 3170 961 3231 veritati
981 3170 1147 3232 convenire
1174 3170 1292 3234 videtur
1312 3181 1345 3232 et
1363 3169 1418 3234 ΙΙΙ.

305 3263 440 3326 lucubaio
469 3275 500 3326 et
526 3263 687 3327 uariauimo
718 3265 868 3326 Iuvenalis
897 3265 1006 3326 editori
1033 3265 1208 3328 thnintre.
1249 3265 1415 3328 Enimuero

210 3363 213 3370 ’
308 3380 416 3422 ronam
437 3359 564 3434 exilem,
594 3359 753 3423 stridulum
774 3379 961 3441 raucumque
981 3381 1043 3422 non
1071 3361 1181 3444 gallina
1213 3359 1290 3433 edit,
1319 3381 1416 3444 quum

305 3453 478 3530 mordetur,
510 3455 563 3516 red
592 3453 684 3538 gallun
706 3453 905 3536 gallinaceus,
935 3465 1093 3538 postquam
1112 3457 1181 3517 iniit
1200 3477 1265 3516 eam
1292 3464 1322 3518 et
1343 3476 1417 3516 mo-
1531 3461 1532 3472 ¹

304 3548 428 3610 mordit.
458 3549 678 3633 Bredenkamp.
706 3551 737 3610 in
758 3549 955 3631 syntagmate
975 3554 1080 3634 Opuee
1109 3551 1245 3614 scholast.
1271 3549 1416 3634 corrigit.-

307 3643 371 3702 tua
392 3643 457 3710 neit.
478 3665 555 3718 vox,
577 3665 636 3728 qua
653 3645 808 3706 mordetur
820 3647 937 3730 gallina
958 3662 974 3707 a
994 3651 1121 3722 marito,
1144 3647 1190 3710 rei
1205 3666 1266 3730 qua
1284 3647 1420 3708 deterior·

304 3760 359 3800 neo
388 3741 449 3801 me
475 3761 580 3814 sonus,
606 3761 665 3822 quo
694 3751 752 3802 eet.
793 3741 877 3803 Idem
897 3743 1053 3804 mordetur
1084 3743 1199 3805 dietum
1229 3743 1340 3825 accipit
1359 3761 1419 3825 pro

235 3901 237 3906 ,
304 3835 495 3916 obiurgator,
526 3835 597 3920 quie
626 3855 717 3898 nonus
737 3835 824 3919 gatti,
860 3839 884 3899 ei
911 3838 1034 3921 gallinae
1068 3840 1224 3922 inerepare
1254 3839 1414 3911 rideatur,

303 3929 519 4010 ingratissimae
539 3929 577 3992 ait
596 3939 629 3992 et
648 3930 818 4014 singularia.
836 3931 898 3994 Sed
913 3934 1037 3996 verbum
1052 3935 1206 4011 mordere,
1226 3933 1251 3994 ai
1271 3932 1315 4008 da¹
1329 3932 1418 4016 gallia

304 4023 483 4099 adhibetur,
503 4026 629 4108 proprio
652 4025 770 4088 ridetur
784 4045 871 4088 aensu
891 4028 1083 4110 capiendam.
1114 4039 1116 4046 '
1170 4053 1172 4057 ’

346 4117 491 4198 Equidem
512 4121 664 4200 auspicor,
680 4119 725 4180 rel
744 4141 803 4204 quo
827 4124 958 4206 positum
979 4145 1041 4185 erse
1061 4145 1119 4206 pro
1138 4145 1159 4184 a
1179 4143 1257 4205 quo,
1289 4131 1322 4182 nt
1341 4122 1417 4194 ΧΗ,

304 4207 836 4296 44.1onceruPartkeoiosaotar‚
870 4215 918 4276 rel
940 4237 996 4298 pro
1026 4237 1063 4278 eo
1084 4214 1327 4284 substituendam
1347 4219 1415 4286 oui.

266 4343 270 4351 .
304 4307 336 4360 et
355 4319 415 4380 quo
436 4300 484 4364 vel
504 4306 554 4364 oui
572 4308 683 4367 marito
704 4307 821 4369 doctius
852 4308 966 4373 dictum
989 4331 1044 4392 pro
1064 4311 1116 4370 ille
1136 4313 1281 4382 maritus,
1313 4330 1334 4369 a
1354 4329 1416 4390 quw

306 4393 612 4483 mordearr'golliua3
634 4401 886 4486 quemadmodum
908 4427 953 4491 up.
967 4405 1070 4468 lIorut.
1085 4407 1145 4469 Sat.
1167 4408 1191 4485 l,
1216 4427 1261 4486 io,
1284 4411 1327 4472 ιδ.
1348 4405 1415 4478 ltu,
