3098 5498
341 401 427 488 118

775 405 1021 492 1445444413Ι

382 629 577 708 Chaldaeis
595 629 662 705 sed
681 632 799 706 maior
816 633 888 710 erit
904 627 1064 704 fiducia:
1079 631 1270 736 quidquid

331 750 477 822 Dixerit
494 744 741 848 Astrologus,
760 745 958 821 credente
978 745 1085 820 sonte
1105 747 1267 825 relatum

332 863 546 938 Hammonis
557 889 567 952 ;
588 865 765 962 quoniam
785 863 941 967 Delphis
961 862 1115 937 oracula
1132 883 1281 942 cessant

1400 907 1451 960 555

331 985 380 1056 Et
399 1008 514 1084 genus
533 980 736 1054 humanum
751 978 904 1055 damnat
920 979 1040 1082 caligo
1058 981 1190 1056 futuri.

331 1101 561 1200 Praecipuus
578 1114 703 1170 tamen
718 1113 773 1170 est
791 1097 949 1187 horum,
968 1099 1035 1198 qui
1055 1101 1203 1202 saepius
1221 1095 1346 1193 exsul,

332 1216 445 1288 Cuius
465 1213 624 1286 amicitia
643 1210 969 1312 conducendaque
988 1212 1128 1287 tabella

332 1334 490 1432 Magnus
509 1331 599 1406 civis
619 1329 699 1404 oblt
715 1344 753 1403 et
770 1327 993 1404 formidatus
1009 1319 1161 1404 Othoni.

331 1445 426 1520 Inde
444 1444 536 1519 fides
554 1445 646 1536 arti,
663 1445 789 1519 sonuit
805 1446 836 1518 si
855 1444 1009 1520 dextera
1035 1443 1139 1520 ferro

1396 1488 1447 1538 569

332 1565 551 1662 Laevaque·,
572 1562 601 1635 si
617 1558 734 1662 longo
754 1576 964 1636 castrorum
984 1564 1024 1636 in
1044 1585 1197 1637 carcere
1216 1567 1361 1640 mansit.

333 1679 449 1754 Nemo
470 1677 752 1753 mathematicus
771 1679 923 1780 genium
942 1676 1181 1754 indemnatus
1201 1680 1379 1758 habebit:

332 1791 408 1868 Sed
429 1795 495 1894 qui
516 1819 635 1896 paene
650 1795 769 1897 perit,
791 1795 851 1868 cui
869 1795 928 1872 vix
949 1796 990 1868 in
1007 1790 1170 1898 Cyclada
1188 1798 1283 1872 mitti

333 1910 499 2011 Contigit
517 1925 555 1982 et
569 1937 684 2013 parva
705 1907 857 1984 tandem
874 1913 1037 1986 caruisse
1057 1912 1231 2016 Seripho.

331 2024 504 2100 Consulit
522 2025 695 2101 ictericae
714 2023 820 2101 lento
840 2024 888 2100 de
908 2024 1044 2102 funere
1063 2030 1216 2120 matris,

1396 2071 1449 2122 555

332 2143 430 2215 Ante
446 2158 570 2215 tamen
588 2140 636 2214 de
657 2157 716 2230 te,
733 2141 922 2242 Tanaquil
941 2159 1026 2217 tua:
1044 2143 1199 2245 quando
1217 2169 1386 2224 sororem

332 2257 475 2332 Ellcrat
492 2273 531 2330 et
548 2273 724 2360 patruos;
745 2249 792 2328 an
813 2259 860 2331 sit
876 2259 1044 2334 victurus
1061 2259 1211 2335 adulter

332 2375 422 2447 Post
438 2373 584 2476 ipsam?
604 2371 698 2472 quid
715 2374 814 2445 enim
834 2377 950 2448 maius
968 2373 1060 2449 dare
1079 2379 1233 2450 numina
1260 2397 1416 2481 possunt
1426 2381 1450 2456 7

384 2490 485 2561 Haec
504 2507 628 2562 tamen
649 2490 819 2590 ignorat,
840 2489 933 2588 quid
951 2490 1053 2565 sidus
1071 2494 1176 2567 triste
1194 2495 1358 2568 minetur

334 2607 507 2696 Saturni,
527 2629 604 2706 quo
624 2603 722 2677 laeta
741 2607 871 2682 Venus
891 2633 929 2680 ae
947 2607 1118 2712 proferat
1137 2627 1258 2699 astro,

1396 2649 1447 2699 570

334 2723 408 2816 Qui
428 2721 561 2795 mensis
576 2719 741 2814 damnis,
759 2747 855 2822 quae
873 2720 1014 2798 dentur
1032 2741 1203 2829 tempora
1217 2725 1338 2800 lucro.

334 2835 440 2912 Illius
461 2863 641 2913 occursus
660 2839 771 2912 etiam
788 2839 905 2915 vitare
924 2857 1132 2931 memento,

368 3043 425 3095 554.
443 3041 608 3093 Aaronom
624 3043 708 3091 77.-·
727 3037 809 3088 credet
822 3041 863 3092 46.

915 3041 955 3091 55.
970 3042 1181 3093 57-69.74.72.
1195 3045 1236 3092 73.
1252 3045 1293 3092 77.
1311 3037 1352 3091 Cs.
1365 3039 1451 3092 Ouid·

334 3131 376 3180 u.
390 3131 431 3179 ro.
447 3129 490 3178 ro.
504 3129 544 3177 55.
559 3128 601 3176 sa.
617 3122 715 3176 aarum
728 3125 767 3174 ss.
787 3149 818 3162 -
831 3122 864 3174 α.
914 3119 946 3174 A.
969 3123 1000 3173 A.
1020 3121 1069 3185 ru,
1095 3127 1154 3177 aar.
1175 3123 1234 3174 eoo
1245 3121 1344 3194 serram
1362 3123 1445 3176 turer-

327 3213 459 3283 sontell.
476 3209 591 3280 usmete
605 3211 628 3259 4.
649 3212 689 3257 44.
709 3209 748 3256 42.
765 3210 804 3257 44.
822 3213 863 3260 45.

336 3301 375 3348 46.
389 3301 430 3347 24.
446 3299 486 3347 22.
501 3299 540 3345 45.
551 3295 592 3345 62.
606 3295 645 3344 67.
656 3295 697 3343 65.
706 3295 747 3343 69.
761 3299 801 3345 74.
822 3297 862 3345 73.

913 3215 1031 3276 pungunt
1048 3203 1109 3272 alii,
1122 3205 1200 3258 etiam
1215 3207 1328 3260 Henuin.

947 3293 1004 3342 564.
1021 3293 1047 3340 in
1061 3287 1130 3340 theat
1143 3289 1176 3341 ab
1194 3293 1282 3343 2245.
1297 3289 1387 3342 etsiab
1402 3294 1445 3343 95.

334 3383 376 3432 74.
390 3381 430 3430 65.
443 3375 511 3446 qood
525 3373 628 3425 mireris
644 3373 721 3424 etiarn
743 3371 864 3442 placuisse
946 3377 1006 3426 562.
1020 3373 1177 3426 induamus
1190 3379 1229 3428 42.
1243 3379 1284 3428 46.
1298 3379 1337 3428 47.
1353 3379 1447 3428 4924.

333 3459 458 3514 Schurzll.
473 3457 516 3528 qui
529 3457 649 3528 exponit:
662 3477 677 3510 a
688 3459 825 3522 cornibus,
837 3458 862 3511 h.

333 3559 356 3594 e.
373 3559 404 3594 ex
425 3539 480 3611 ipso
504 3557 557 3592 ore.
578 3537 630 3591 Alii
650 3537 711 3590 haec
733 3539 812 3591 verba
831 3557 863 3594 eo

332 3635 445 3694 spectare
459 3631 564 3692 putant,
586 3621 655 3691 quod
670 3621 766 3692 iupiter
778 3623 859 3676 llam·

333 3727 395 3760 mon
409 3719 472 3760 nutu
485 3715 511 3758 et
522 3705 604 3776 signis
621 3721 740 3772 responso
753 3705 863 3772 dederit,

332 3809 385 3843 non
403 3789 515 3854 serbis,
543 3796 572 3840 nt
597 3785 690 3856 Apollo
716 3787 863 3857 Delphicus.

332 3871 483 3925 Plathnerus
500 3869 634 3933 credebat,
653 3873 752 3940 apocha
765 3871 863 3924 exotico

331 3957 392 4011 huic
406 3959 461 4010 lovi
474 3973 570 4009 cornua
587 3954 733 4025 exprobrari
747 3953 862 4009 arietina.

367 4045 424 4094 558.
439 4038 543 4094 559.Ηὶ
557 4055 646 4102 versus
660 4035 708 4090 alia
720 4055 799 4090 manu
813 4037 857 4090 ad·

333 4125 380 4177 ‹lili
395 4133 456 4176 sunt
476 4122 504 4175 in
528 4129 551 4176 8.
575 4131 601 4174 et
623 4121 650 4173 in
668 4121 768 4175 duobus
785 4119 861 4175 codd.

332 4207 409 4262 Poris.
424 4225 476 4259 non
494 4215 600 4258 exstant.

366 4295 423 4343 559.
433 4289 614 4363 formidandus
626 4295 649 4341 6.
666 4293 705 4342 45.

367 4376 423 4426 566.
440 4376 489 4424 arti
505 4389 552 4441 pro
564 4374 627 4424 artis
640 4371 758 4423 revomi
772 4383 802 4422 ex
820 4375 859 4423 49.

333 4465 373 4514 47.
387 4460 477 4512 2024.
488 4459 582 4511 2225.
597 4458 806 4512 tortae-50.
818 4457 859 4508 54.

913 3459 955 3508 22.
970 3459 1012 3508 85.

946 3543 1005 3591 564.
1037 3537 1137 3591 Meiere
1164 3556 1212 3608 pro
1238 3543 1343 3592 candoe
1374 3537 1446 3607 eonj.'

912 3621 1048 3676 Schrader.

946 3709 1003 3758 568,
1016 3707 1077 3758 dare
1093 3709 1170 3758 mairo
1187 3707 1228 3757 25.
1249 3709 1361 3759 46-49,
1378 3710 1452 3758 54-

913 3793 955 3842 56.
965 3793 1005 3842 58.
1016 3793 1108 3842 5960.
1117 3795 1158 3843 64.
1171 3795 1213 3844 55.

946 3876 1004 3924 569.
1034 3871 1106 3924 Haec
1131 3873 1219 3924 euclem
1242 3877 1310 3926 novit
1340 3871 1446 3926 emend.

914 3939 1056 4018 Schrader,
1074 3954 1192 4008 audacter
1210 3965 1235 4006 et
1253 3955 1334 4010 invita
1347 3953 1448 4008 Miner-

913 4053 953 4089 vu.
969 4067 1002 4078 ·-
1019 4041 1125 4089 mitratur
1145 4043 1185 4092 23.
1208 4043 1249 4092 25.
1274 4041 1315 4091 27.
1336 4042 1447 4091 45-49.

914 4123 1024 4173 54-60.
1040 4125 1135 4174 6585.
1168 4137 1172 4144 “

947 4209 1003 4256 574.
1022 4203 1294 4272 quercum.
1309 4223 1448 4259 -menses

912 4289 937 4337 4.
953 4291 994 4338 59.
1009 4291 1051 4339 60.
1066 4289 1149 4338 65³-
1164 4289 1322 4340 dumrfflll.
1343 4295 1381 4341 45.
1401 4291 1446 4342 25.

912 4373 954 4424 27.
969 4375 1010 4420 46.
1025 4373 1065 4421 47.
1086 4375 1129 4424 48.
1145 4373 1186 4426 50.
1205 4369 1315 4426 ttlm.
1334 4377 1447 4426 65-68.

913 4457 1017 4507 74-74,
1028 4459 1070 4506 77.
