3120 5494
315 407 407 499 328
607 403 612 414 ⁸
681 437 736 495 nu
774 436 906 495 sensu
944 437 1070 520 vrrs,

310 637 342 696 in
365 635 489 696 minutis
510 631 684 693 adcuratam
700 631 860 706 adnascis,
882 641 915 691 ut
929 631 1029 692 statim
1043 630 1206 714 adpareat,
1221 633 1438 694 saturameibi

308 733 404 815 ipsam
424 750 495 792 euru
517 749 577 788 non
600 727 812 809 proposuisse,
831 727 884 788 sed
905 728 1026 808 regulas
1045 735 1182 788 secutum
1204 748 1267 788 esse
1287 733 1319 790 et
1337 749 1438 812 prae·-

309 851 345 890 ce
367 837 415 901 ta,
443 846 537 907 eaque
558 822 706 885 imitando
734 824 935 904 expressisse,
965 842 1044 904 quae
1064 822 1123 882 iam
1145 823 1184 883 ab
1204 822 1271 885 aliis
1292 845 1435 908 expressa

310 851 430 988 viderit
461 923 547 999 Quae
568 941 655 981 causa
688 939 809 1002 qnoque
829 927 894 994 est,
923 928 957 980 ot
984 917 1050 980 loca
1070 917 1217 1002 quaedam
1235 940 1312 981 ¹non
1339 920 1437 1003 potita

310 1018 408 1082 solum
427 1017 611 1098 diligenter,
631 1015 683 1075 sed
704 1013 787 1076 culto
809 1036 939 1098 operoso
959 1014 1093 1097 nudique
1114 1013 1253 1077 coniecto
1273 1037 1367 1099 paene
1388 1017 1436 1078 ri-

307 1115 377 1197 gida
397 1111 573 1186 videantur,
593 1109 739 1194 quaedam
761 1112 898 1172 oratorio
917 1111 989 1172 foco
1011 1109 1086 1171 adeo
1112 1110 1263 1186 obducta,
1285 1122 1336 1186 ut,
1356 1133 1436 1194 quae

300 1208 443 1284 sabaim,
464 1226 556 1267 nemo
578 1205 749 1288 perspicere
771 1207 872 1287 possit.
905 1207 999 1266 Porro
1020 1225 1085 1282 res,
1106 1205 1265 1290 exempla,
1285 1206 1433 1268 similitu-

308 1304 419 1379 dines,
447 1323 525 1386 quae
547 1311 782 1384 proponuntur,
805 1321 868 1362 non
889 1300 972 1364 demi
1003 1311 1072 1362 nata
1092 1311 1143 1362 aut
1173 1311 1281 1384 sponte
1300 1303 1431 1377 oborta,

306 1399 360 1460 sed
379 1397 484 1460 schola
504 1397 646 1460 videntur
666 1396 779 1472 adlata,
800 1395 931 1480 ideoque
951 1417 1038 1479 saepe
1066 1419 1130 1458 uon
1152 1405 1274 1458 movent
1292 1397 1430 1458 animum

306 1494 450 1569 lectoris,
470 1515 527 1554 neo
557 1493 715 1573 inopinato
742 1492 873 1566 feriunt,
894 1491 948 1552 sed
968 1491 1114 1574 frigidum
1146 1491 1317 1574 relinquunt
1336 1491 1431 1554 adiri-

307 1587 398 1656 bitae.
409 1587 483 1647 artis
504 1585 728 1646 admiratorem.
762 1586 848 1663 Quae
869 1587 941 1646 vitia
962 1586 1084 1663 onmis,
1103 1608 1119 1646 a
1140 1587 1246 1669 quibus
1265 1607 1304 1647 ne
1316 1589 1425 1670 optimi

307 1680 431 1764 quidem
452 1669 664 1742 Romanoruni
686 1687 793 1762 poetae
813 1682 940 1742 ornnino
960 1680 1050 1741 liberi
1071 1692 1162 1757 sunt,
1177 1701 1214 1741 ex
1234 1689 1423 1763 praepostera

307 1777 471 1838 rhetorum
503 1773 682 1857 disciplina,
713 1783 878 1855 quactum
910 1776 1040 1841 manime
1061 1776 1163 1858 vigere
1192 1773 1311 1856 coepit,
1330 1778 1424 1857 repeti

309 1881 454 1952 possunt,
476 1891 535 1952 qua
566 1870 651 1953 prius
670 1869 823 1931 discerent
854 1871 996 1944 iuvenes,
1029 1869 1286 1953 quemadmodum
1307 1869 1427 1933 iuventa

308 1976 407 2028 essent
419 1965 603 2039 tractanda,
622 1985 714 2047 quam
729 1964 786 2048 ipsi
801 1986 904 2027 rerum
919 1965 1092 2048 cognitione
1104 1966 1176 2028 setis
1189 1967 1339 2042 instructi,
1353 1989 1428 2049 quae

308 2061 420 2142 cuique
439 2069 620 2140 argumento
651 2061 755 2122 forent
774 2059 1019 2138 adcommodata,
1044 2062 1182 2125 iuvenire
1202 2071 1233 2124 et
1252 2063 1428 2144 excogitare

308 2156 460 2218 valerent:
482 2155 608 2238 fierique
629 2155 753 2217 omnino
774 2177 895 2218 neeesse
924 2158 1003 2232 fuit,
1027 2168 1080 2232 ut,
1104 2158 1177 2218 dum
1203 2159 1368 2219 memoriae
1380 2157 1429 2216 in·

308 2251 392 2312 finita
412 2250 461 2312 iiia
483 2259 645 2332 praecepta
667 2250 915 2327 inculcarentur,
937 2253 1052 2336 ipsique
1074 2253 1103 2312 in
1126 2251 1259 2334 legendis
1273 2253 1377 2334 ,poetis
1396 2264 1429 2314 et

308 2347 477 2409 oratoribus
497 2346 535 2406 ad
559 2365 593 2406 ea
619 2365 738 2428 semper
768 2346 903 2407 animum
935 2347 1153 2421 adtenderent,
1183 2369 1275 2431 seque
1305 2349 1337 2408 in
1368 2347 1430 2408 iilis

308 2441 701 2517 adhibendisexercerent,
734 2443 891 2523 ingenium
918 2441 1096 2525 ,neglectum
1122 2452 1326 2517 exaresceret,
1356 2463 1429 2504 om-

307 2542 415 2625 nisque
435 2538 611 2622 generosior
631 2547 661 2598 et
680 2537 769 2598 altior
789 2537 914 2620 spiritus
934 2547 986 2598 aut
1006 2539 1342 2622 exstingueretur,·aut
1362 2539 1429 2599 sni-

308 2645 370 2696 tem
391 2635 476 2718 quasi
497 2622 696 2716 compedibus
716 2633 902 2706 vinciretur,
919 2651 996 2715 quae
1016 2653 1139 2694 omnem
1159 2632 1289 2696 liberum
1303 2655 1432 2696 cumam

225 2798 229 2812 ,
308 2729 500 2792 retardarent
519 2739 550 2788 et
570 2727 765 2808 impedirent.

353 2825 526 2886 Dramatica
547 2823 642 2895 ratio,
666 2843 723 2904 qua
744 2842 831 2904 saepe
853 2821 1023 2884 felicissime
1044 2823 1187 2885 Horatius
1207 2825 1313 2901 utitor,
1331 2845 1434 2908 qnae-

309 2939 370 3002 que
390 2919 556 3001 prudenter
575 2915 709 2977 adhibita
730 2917 761 2976 in
784 2917 884 2977 satiris
905 2939 965 2978 non
980 2917 1087 2978 ultima
1108 2919 1171 2978 iaus
1190 2928 1235 2980 est
1243 2921 1302 2997 ,in
1318 2919 1436 2993 Persio,

309 3017 360 3095 qni
393 3035 458 3074 enm
490 3033 610 3097 quoque
646 3013 786 3085 tentavit,
819 3013 925 3073 inultos
952 3021 1034 3074 creat
1065 3012 1266 3076 difficultates.
1309 3015 1436 3076 Etenim

310 3109 403 3171 modo
423 3108 626 3170 adversarium
648 3107 821 3190 toquentem
846 3108 973 3180 inducit,
988 3129 1085 3191 eoque
1105 3109 1228 3171 dimisso
1242 3111 1341 3172 statim
1355 3111 1438 3172 alins
1550 3145 1552 3150 ·

310 3205 482 3266 iusseram
506 3203 623 3284 prodit,
646 3226 708 3264 non
739 3205 792 3265 iiie
816 3205 918 3285 prior3
941 3204 998 3262 nisi
1031 3205 1122 3264 mavis
1149 3214 1301 3279 statuere,
1323 3227 1436 3287 parurn

310 3301 455 3380 cogitasse
482 3300 642 3375 Persium,
663 3321 736 3382 quas
758 3309 858 3381 partes
878 3297 1118 3362 tuendassemei
1141 3299 1189 3374 ei,
1210 3321 1342 3384 quocum
1373 3301 1438 3362 sibi

309 3387 376 3456 rein
400 3414 465 3454 esse
492 3395 826 3469 tinxerit,trihuerit,
859 3405 889 3454 et
921 3395 993 3455 inde
1018 3393 1110 3455 modo
1135 3393 1208 3471 boc,
1231 3395 1325 3457 modo
1354 3396 1439 3459 iilud

309 3487 524 3550 defendentem
556 3489 716 3550 induxisse.
750 3491 846 3570 Saepe
880 3489 971 3550 etiem
1005 3489 1141 3549 imitetur
1167 3499 1287 3550 tantum
1320 3491 1439 3553 Noster

309 3583 438 3645 aliorum
459 3604 649 3658 sermonem,
669 3583 893 3666 dictionemque
914 3595 1042 3645 naturae
1062 3583 1184 3645 iliorum
1204 3596 1236 3646 et
1260 3585 1354 3647 indoli
1380 3589 1440 3645 ad·
1539 3616 1543 3625 ·

311 3677 494 3740 commodat.
519 3678 688 3741 Difficultas
708 3689 809 3740 antem
825 3679 895 3739 inde
910 3699 999 3761 saepe
1022 3678 1187 3754 oboritur,
1201 3681 1283 3761 quod
1306 3683 1336 3740 in
1363 3681 1440 3762 ipsis

312 3772 439 3856 dialogis
461 3793 523 3833 non
538 3774 681 3836 adcurate
696 3775 765 3834 satis
780 3785 810 3834 et
825 3775 918 3855 ipsius
937 3784 967 3835 et
987 3773 1150 3836 adversarii
1174 3785 1272 3856 partes
1287 3777 1440 3840 discretae
1474 3815 1479 3821 ·

310 3877 453 3941 suut,ut
479 3869 580 3928 statim
608 3890 677 3929 cum
703 3889 739 3930 ex
767 3869 821 3943 iis,
851 3891 928 3950 quae
955 3869 1120 3944 dicuntur,
1148 3879 1213 3929 tum
1245 3890 1283 3931 ex
1314 3871 1439 3932 ratione

310 3961 432 4030 dicendi
457 3965 520 4045 ipsa
551 3964 716 4046 inteiligas,
736 3974 805 4024 uter
837 3965 895 4037 sit,
924 3965 977 4048 qui
1001 3963 1162 4048 loquatur,
1191 3987 1284 4048 quum
1307 3978 1439 4047 repente

310 4060 482 4120 orationem
503 4059 655 4142 excipiens
677 4081 712 4120 ea
737 4059 841 4121 dicere
870 4070 993 4145 pergat,
1014 4081 1092 4142 quae
1106 4059 1293 4122 adversarius
1308 4083 1438 4124 exorsus

310 4151 429 4227 suerat,
448 4163 601 4236 tamquam
615 4155 679 4214 eius
696 4153 774 4214 vices
795 4154 854 4214 sibi
872 4165 971 4216 essent
984 4154 1137 4216 tutandae.
1162 4155 1294 4216 Pertinet
1307 4155 1437 4239 quidem

311 4247 386 4307 haee
406 4248 483 4307 ratio
509 4247 548 4308 ad
569 4248 717 4324 ironiam,
738 4248 790 4310 sed
811 4268 947 4329 magnam
969 4247 1057 4309 habet
1085 4249 1276 4325 cautionem,
1298 4271 1337 4310 ne
1358 4272 1437 4331 perh

310 4339 459 4420 spiouitati
483 4341 662 4416 obtentur,
691 4343 776 4404 cuia
800 4344 892 4424 poetis
907 4344 997 4406 utiam
1018 4342 1239 4406 consulendum
1262 4353 1314 4420 est,
1332 4367 1435 4428 quae-
