3108 5494
586 397 740 489 strias
772 411 817 491 n.

143 623 194 708 Et
212 653 352 731 magno
370 637 518 702 cratere
537 618 665 703 Deam.
692 625 767 704 sed
785 655 890 708 more
910 631 1061 714 sinistro
1155 719 1158 726 ,

141 753 341 853 Exagitata
359 743 499 852 procul
520 771 600 821 non
618 749 735 821 intrat
752 746 892 826 femina
911 751 1037 830 limen.

137 866 237 948 Solis
255 897 320 944 ara
339 865 442 940 Deae
461 867 625 940 maribus
645 883 758 970 patet.
787 871 843 942 Ite
864 871 1071 974 profanae!

138 987 357 1064 Clamatur:
377 981 487 1059 nullo
506 987 619 1086 gemit
639 985 700 1058 hic
721 983 877 1060 tibicina
898 1012 1030 1066 cornu.
1237 995 1271 1048 ⁹⁰

138 1105 251 1182 Talia
272 1119 416 1180 secreta
438 1101 642 1176 coluerunt
659 1105 773 1206 Orgia
795 1105 903 1178 taeda

136 1221 364 1327 Cecropiam
385 1219 485 1296 soliti
503 1222 643 1321 Baptae
660 1218 799 1294 lassare
819 1224 983 1326 Cotytto

134 1341 209 1416 Ille
231 1336 478 1445 supercilium
498 1336 646 1410 madida
666 1333 826 1441 fuligine
845 1357 987 1414 tactum

135 1457 308 1561 Obliqua
326 1454 507 1561 producit
525 1479 620 1545 acu,
639 1457 839 1559 pingitque
859 1473 1064 1534 trementes
1156 1489 1160 1530 ι
1196 1451 1198 1458 ⁴

134 1573 331 1650 Attollens
349 1573 501 1654 oculosr
524 1577 646 1650 vitreo
664 1575 760 1648 bibit
778 1573 844 1649 ille
862 1577 1022 1680 Priapo,
1238 1581 1272 1630 ⁹⁵

134 1691 439 1796 Reticulumque
458 1694 573 1768 comis
593 1711 768 1768 auratum
787 1695 1002 1799 ingentibus
1022 1693 1174 1802 implet,

135 1809 327 1887 Caerulea
345 1807 501 1886 indutus
522 1809 708 1886 scutulata
727 1829 792 1886 aut
812 1811 971 1916 galbana
991 1841 1098 1906 rasa,

135 1933 190 2006 Et
208 1957 281 2036 per
299 1928 486 2025 Iunonem
505 1929 648 2004 domini
670 1933 820 2004 iurante
839 1935 1021 2009 ministro.

135 2045 212 2121 Ille
231 2063 337 2121 tenet
358 2046 575 2152 speculum,
592 2047 735 2153 pathici
755 2067 944 2153 gestamen
962 2049 1143 2142 Othonis,

138 2167 293 2240 Actoris
313 2165 484 2240 Aurunci
505 2163 690 2270 spolium,
711 2194 789 2270 quo
810 2165 932 2242 seille
953 2165 1106 2246 videbat
1222 2167 1270 2217 ⁴⁰⁰

139 2285 362 2374 Armatam,
382 2311 500 2386 quum
519 2286 592 2356 iarn
609 2281 694 2358 tolli
715 2283 852 2361 vexilla
871 2285 1032 2360 iuberet.

143 2403 220 2478 Res
237 2397 478 2477 memoranda
497 2403 604 2478 novis
623 2401 843 2498 annalibus,
862 2422 976 2510 atquo
997 2401 1141 2478 recenti

185 2650 227 2699 89.
244 2645 348 2716 profani
360 2655 403 2701 74.
418 2651 461 2699 73.
739 2651 769 2700 tt
795 2666 808 2698 a
830 2663 867 2700 m.
891 2665 940 2699 sec.
962 2650 993 2700 22
1004 2649 1085 2700 -26,
1108 2649 1150 2699 27.
1171 2650 1212 2698 45.
1232 2647 1273 2700 46.

182 2735 225 2784 92.
239 2735 298 2784 iussi
315 2751 364 2802 pro
383 2734 564 2786 collaticia.
587 2733 686 2803 Baptae
739 2735 920 2811 stt-tnui.
935 2737 976 2785 60.
990 2736 1029 2784 64.
1045 2737 1086 2784 65.
1110 2735 1151 2784 66.
1170 2735 1212 2784 68.
1232 2735 1271 2784 69.

144 2815 467 2872 attrito-*Cortuosa
488 2815 581 2890 Cotylo
602 2823 642 2872 74.
661 2833 687 2870 et
738 2820 779 2870 60.
804 2815 856 2868 Sed
877 2815 952 2868 illum
971 2815 1120 2884 exquisitius
1145 2825 1199 2878 est,
1224 2815 1273 2866 hor.

146 2897 202 2951 tud.
219 2899 426 2954 Mutarimbibl.
442 2919 494 2973 reg.
508 2903 586 2955 l’aris.
610 2901 687 2975 Cors-
737 2897 848 2970 glossam
873 2899 980 2952 redolet.
1004 2913 1091 2951 rsuram
1113 2903 1154 2953 63.
1168 2901 1271 2972 sactum

148 2997 189 3036 ton
210 2990 234 3038 t.
254 2989 298 3038 tu.
323 2991 363 3040 56.
383 2993 423 3040 57.
443 2991 482 3039 59.
503 2985 623 3060 Carystos:
644 2993 684 3041 50.
736 2981 837 3054 legebat
850 2983 957 3038 Gonsal.
972 2983 1003 3035 sd
1017 2985 1111 3036 Patron
1126 3001 1151 3052 p.
1169 2987 1228 3034 277.
1247 2991 1273 3036 et

146 3073 188 3122 70.
203 3065 308 3122 Coriton
324 3075 364 3122 ⁴4.
382 3075 422 3123 76.
440 3069 568 3144 Coccflon
585 3079 624 3125 46.
638 3071 685 3126 Co·
736 3073 796 3121 366.

147 3151 286 3207 cirlonttt.
307 3154 430 3208 Cocliton
447 3159 490 3207 22.
512 3153 625 3225 Cocyton
645 3161 684 3209 to,
770 3157 811 3202 94.
837 3153 958 3222 tingitque
976 3147 1096 3222 suspicari
1113 3152 1195 3221 possis
1211 3147 1270 3204 coll.

147 3241 186 3288 tt.
204 3243 303 3290 4779.
323 3241 364 3290 20.
387 3241 430 3291 27.
450 3243 493 3291 23.
512 3243 553 3291 24.
578 3245 617 3292 25.
643 3243 684 3294 27,
736 3235 802 3288 Plio.
822 3241 917 3300 latr.
934 3255 954 3288 s.
972 3243 1012 3290 56.
1032 3237 1180 3288 Mulieribns
1201 3243 1272 3291 taturi

143 3323 270 3372 45-48.
291 3327 330 3374 st.
350 3327 390 3374 52.
409 3327 450 3374 54.
469 3325 508 3375 55.
525 3327 566 3376 58.
581 3329 622 3377 75.
643 3329 684 3377 76.
735 3333 772 3371 est
796 3321 894 3372 decoris
920 3320 1065 3392 affidatio,
1093 3333 1119 3374 ut
1145 3323 1272 3392 tinguntur

142 3403 226 3456 etvel
243 3405 315 3457 idem
330 3405 372 3458 vel
387 3406 546 3459 Coccitonet
565 3405 685 3460 Cocbitou
735 3421 830 3474 quoque
854 3407 928 3460 oculi.
955 3406 1006 3458 Sed
1033 3415 1141 3476 praestat
1167 3406 1272 3474 vulgata

142 3491 258 3544 XXXIV
274 3489 351 3543 codd.
376 3491 456 3544 Paris.
476 3491 571 3545 habent
594 3493 684 3564 probb,
735 3485 902 3558 lectio,quia
919 3489 996 3543 modo
1008 3489 1143 3561 praecessit
1161 3501 1270 3553 tactum,

142 3573 248 3627 Calda,
264 3585 291 3627 et
308 3575 374 3628 Aen.
397 3585 426 3628 ut
447 3576 598 3648 designetur
616 3579 680 3630 Pro·
736 3567 762 3621 h·
776 3587 798 3622 c·
817 3571 937 3624 tinctum.

143 3659 249 3729 sss-pina
272 3657 315 3713 vel
339 3661 431 3725 Cere„
453 3681 467 3713 a
486 3659 582 3730 Cocyto
603 3662 684 3715 fluvio
769 3655 853 3706 aridos
863 3667 989 3706 irrorantes
1001 3666 1026 3708 et
1039 3654 1114 3718 udos,
1126 3651 1270 3724 υῑτακερὸν

144 3742 188 3796 aet
202 3743 319 3796 suasam
329 3785 336 3808 ,
343 3745 418 3814 fleo,
435 3746 523 3816 lugeo,
544 3746 579 3799 sic
600 3747 683 3810 dieis,
736 3753 761 3789 ss
775 3736 819 3789 καὶ
834 3735 888 3809 ῥέον
902 3737 927 3789 ἓν
940 3742 990 3798 τοῖς
1000 3733 1096 3809 ὄμματι
1110 3738 1193 3798 πάθος
1212 3735 1270 3788 aso·

144 3824 171 3878 in
194 3826 266 3878 cuius
289 3827 367 3878 sacris
384 3825 522 3880 Eleusiniis
539 3823 682 3900 δᾳδοῦχοι,
735 3825 849 3897 ’χραίνων
869 3828 895 3875 in
910 3823 1017 3876 Luriani
1032 3827 1123 3877 Amor.
1137 3844 1159 3876 c.
1176 3830 1215 3875 44.

143 3911 229 3978 (torte
245 3909 270 3962 h.
288 3908 305 3963 l.
323 3911 429 3982 baptor)
451 3914 537 3965 turdus
556 3913 682 3976 serentes,
768 3913 809 3960 97.
826 3907 963 3977 galliani.
979 3913 1018 3960 48.
1036 3913 1077 3962 70.
1099 3915 1139 3961 75.
1164 3915 1205 3962 76.
1229 3911 1270 3960 82.

145 3993 297 4047 saltaverint
310 4005 336 4050 et
348 3997 432 4047 Deam
452 3995 553 4050 lascivis
572 3997 683 4068 gestibus
734 3999 763 4042 nt
777 3989 803 4042 lu
818 3990 923 4059 optimis
936 3989 1008 4043 libris
1017 3983 1155 4056 Martialis,¹
1166 3993 1270 4046 Peiron.

145 4077 352 4149 clamoribusque
365 4081 519 4134 lassaverint.
534 4081 586 4135 Sed
600 4081 682 4150 prims
735 4093 758 4126 c.
775 4081 814 4128 56.
832 4081 873 4128 64.
891 4085 916 4127 et
929 4077 1048 4146 Vopisci,
1063 4075 1151 4145 probb.
1168 4077 1269 4128 Ferrar:

143 4159 286 4233 syllvocc,
302 4161 421 4233 Cocytus,
436 4165 566 4229 Κωκυτὸς,
579 4165 680 4234 κωκύω,
734 4163 762 4212 R.
782 4161 812 4211 V.
832 4167 857 4222 3,
874 4163 915 4212 22.
930 4159 1023 4231 scalig.
1042 4171 1066 4212 el
1081 4159 1145 4212 allis.
1160 4161 1270 4232 galbana

143 4243 304 4313 producitur.
736 4250 776 4297 ⁴0.
795 4251 834 4296 tl.
852 4251 959 4297 ss-tr.
983 4249 1102 4298 40-25.
1122 4249 1270 4300 lassas.

179 4335 220 4383 93.
233 4343 325 4382 tactum
340 4335 365 4384 2.
384 4337 409 4384 3.
427 4337 451 4384 6.
471 4335 511 4386 47.
529 4337 568 4385 79.
586 4337 627 4387 20.
649 4337 677 4386 27
734 4335 776 4382 47.
793 4334 900 4383 49-69.
924 4333 1157 4384 77-7477-81,
1185 4335 1268 4398 Recte,

144 4431 158 4465 a
172 4431 209 4465 ns.
224 4433 263 4484 pr.
279 4421 320 4468 26.
337 4423 378 4468 47.
392 4421 432 4469 66.
446 4423 487 4470 st.
503 4421 595 4471 6267.
608 4423 681 4472 70-
736 4417 757 4466 si
771 4413 841 4466 color
853 4414 894 4466 hir
906 4433 919 4466 a
933 4413 1057 4486 galbano,
1070 4415 1154 4469 resina
1171 4415 1268 4469 serulae

144 4503 186 4556 79.
202 4503 244 4554 st.
257 4503 300 4554 82.
316 4504 419 4556 ductum
433 4505 472 4555 lo.
486 4507 529 4556 ll.
540 4507 579 4556 tt.
594 4507 634 4558 4⁵.
645 4507 685 4558 46.
736 4499 873 4572 Syriacae,
887 4499 970 4555 dictus
983 4509 1031 4554 est.
