3056 5490
317 399 415 510 446
821 425 953 486 rnosrr

364 628 425 699 En
442 623 537 728 quid
553 623 659 727 agis?
677 621 822 728 duplici
839 628 879 699 in
898 625 1085 702 diversum
1103 626 1283 703 scindcris
1303 629 1408 710 harno:

313 742 523 830 Hunccine,
541 769 591 816 au
610 743 712 818 hunc
729 745 919 844 sequeris?
939 744 1072 821 subeas
1091 742 1259 818 alternus
1277 765 1410 851 oportet

314 861 479 962 Ancipiti
498 859 683 961 obsequio
702 858 901 951 dominos,
918 858 1088 934 alternus
1105 859 1270 934 oberres.
1290 927 1296 940 ,
1374 901 1412 951 4„

314 974 393 1046 Nec
414 994 476 1064 tu,
495 1002 614 1077 quum
636 974 826 1050 obstiteris
843 971 983 1064 semel,
1001 977 1233 1078 instantique
1248 977 1399 1076 negaris.

313 1089 452 1164 Parere
472 1093 631 1194 imperio
645 1147 654 1181 ,
670 1093 770 1195 Rupi
790 1092 862 1166 iarn
882 1087 1053 1182 vincula,
1070 1090 1185 1166 dicas.

313 1207 407 1279 Nam
427 1225 465 1282 et
482 1207 621 1282 luctata
635 1211 737 1282 canis
757 1207 899 1284 nodum
919 1209 1082 1312 abripit:
1103 1225 1266 1280 attamen
1282 1206 1352 1296 illi,

313 1325 440 1418 Quum
453 1323 564 1426 fugit,
577 1353 598 1396 a
615 1321 716 1400 collo
735 1325 898 1398 trahitur
918 1351 1005 1428 pars
1025 1321 1139 1423 longa
1158 1339 1320 1396 catenae.
1369 1361 1407 1409 «ω

313 1441 438 1532 Dave,
455 1444 552 1533 cito,
569 1441 641 1516 hoc
660 1437 792 1515 credas
811 1441 947 1530 iubeo,
966 1437 1075 1514 linire
1095 1436 1248 1550 dolores

313 1558 542 1634 Praeteritos
560 1557 721 1632 meditor
737 1556 925 1658 (crudum
943 1556 1228 1632 Chaerestratus
1244 1581 1393 1656 unguem

314 1727 403 1778 Horat.
420 1724 470 1778 Od.
488 1729 516 1789 1,
543 1735 584 1778 tt.
600 1733 614 1779 7
630 1743 685 1798 seq.
715 1727 852 1794 Temporis
901 1721 1048 1793 praesentis
1064 1719 1205 1774 libidinem
1222 1739 1306 1774 meam
1325 1737 1408 1790 compe·

313 1815 452 1878 punctum,
464 1827 516 1878 quo
531 1806 639 1880 loquor,
652 1812 721 1862 sitae
735 1827 794 1878 pars
805 1815 851 1874 est,
900 1825 981 1860 scere.

315 1899 343 1941 et
356 1907 407 1942 una
420 1907 480 1942 curu
500 1891 617 1958 oretipue
635 1909 695 1942 mea
718 1891 772 1944 iam
793 1889 849 1942 ela·
938 1895 993 1943 458.
1010 1889 1076 1958 Rupi
1087 1891 1139 1939 iam
1152 1887 1272 1951 υἱιιαιὶα,
1286 1887 1333 1940 tan
1344 1886 1411 1940 meir

313 1973 390 2026 baum
404 1983 452 2026 est.
469 1974 574 2026 Sensum
587 1973 769 2045 quodcumque
786 1985 852 2028 tem·
900 1975 1047 2028 libertatern
1062 1971 1203 2025 vindicavi.

316 2057 384 2125 poris
403 2058 516 2126 spatium
535 2059 678 2124 effluxerit,
705 2061 771 2110 vitae
793 2069 851 2112 tuae
937 2054 1093 2108 totototo
1104 2053 1213 2104 volatur
1225 2071 1282 2122 pan
1297 2053 1410 2122 longaea-

316 2138 460 2193 detractum
490 2148 528 2192 est
554 2149 580 2193 et
605 2141 721 2194 revocari
754 2141 851 2211 nequit.
900 2154 1111 2210 rerumquae
1127 2155 1232 2190 cursum
1246 2148 1364 2200 moretur,
1378 2139 1409 2186 vel

314 2221 440 2276 Eamdem
448 2224 604 2276 senteutiam
617 2241 692 2295 saepe
704 2242 849 2296 expressam
901 2242 951 2297 que
968 2222 1062 2274 retrahi
1076 2231 1103 2274 et
1117 2239 1207 2274 rursus
1224 2219 1326 2291 adligari
1338 2228 1409 2288 potest

269 2325 271 2330 ·
316 2303 438 2376 legimus.
901 2301 1291 2358 ltemotasimilitudineseusus
1308 2313 1354 2352 est=
1368 2317 1409 2352 oss

352 2392 491 2442 454-456.
504 2388 649 2459 lnterrogat
662 2390 754 2442 Noster
764 2389 850 2454 illum,
901 2387 977 2458 plane
992 2385 1060 2440 liber
1076 2387 1141 2450 eris,
1154 2399 1195 2439 est
1208 2389 1319 2454 semper,
1329 2385 1408 2453 qrsrrdte

318 2475 366 2546 qui
393 2491 421 2525 se
440 2471 552 2526 liberum
569 2472 776 2542 praedicaverat,
799 2477 852 2528 utri
901 2471 1028 2536 retrahat,
1041 2479 1068 2522 et
1084 2469 1113 2523 in
1123 2469 1293 2540 cupiditatum
1306 2468 1408 2522 ditionem

315 2555 449 2626 cupiditati
464 2557 592 2628 pariturus
604 2557 651 2608 siti
665 2567 691 2610 et
704 2568 850 2612 tamenne·
900 2553 1009 2624 redigat.

306 2659 385 2694 cesse
399 2657 463 2703 csse,
478 2640 551 2704 dicit,
566 2641 608 2696 vel
620 2638 736 2694 alterutri
749 2659 851 2712 parere,
935 2637 1159 2690 tot-trstlane
1169 2634 1318 2688 senteutiam
1325 2633 1409 2686 uberits

315 2724 360 2778 vel
374 2727 482 2779 omnino
494 2725 624 2779 incertum
639 2745 712 2790 me,
731 2725 791 2795 (μω
812 2727 850 2782 sa.
900 2717 1007 2788 explicat
1018 2715 1135 2788 exemplo
1152 2719 1186 2770 ab
1203 2729 1309 2770 auntore
1320 2725 1409 2785 sumpto

315 2807 438 2861 ciendum
451 2807 493 2859 sit.
901 2804 944 2872 qui
967 2821 1047 2872 quum
1063 2802 1204 2866 obl'eusus,
1225 2812 1252 2854 ut
1273 2799 1408 2854 existirosbtt

351 2897 406 2944 454.
416 2891 511 2961 duplici
531 2895 559 2944 in
586 2891 708 2944 diversum
731 2893 851 2944 scinderis
900 2887 946 2942 ille
960 2887 1077 2956 quidem,
1091 2905 1106 2938 a
1120 2885 1207 2955 puella
1215 2887 1341 2950 statuisset,
1352 2901 1409 2938 cun

314 2974 399 3026 temo.
432 2972 531 3024 Eadem
554 2972 667 3042 metaph.
684 2976 764 3026 utitur
784 2975 847 3026 l’ro·
901 2970 1093 3042 quamudesm
1111 2971 1225 3034 reverti,
1244 2979 1324 3022 umen
1340 2979 1406 3020 muts·

314 3067 382 3128 pert.
396 3057 449 3119 tv,
469 3063 546 3108 4.444
575 3075 629 3125 seq.
655 3076 718 3126 pro:
742 3056 850 3112 diversis
900 3057 1027 3110 tostatim
1040 3053 1163 3118 consilio,
1176 3055 1246 3124 quasi
1261 3051 1408 3107 misericordis

316 3139 465 3193 distraheris
476 3139 665 3209 cupiditatibus.
900 3147 987 3190 motus
994 3174 1003 3201 ,
1014 3135 1046 3188 ad
1057 3154 1116 3188 earn
1134 3137 1279 3190 revertitur.
1299 3137 1364 3186 llunc
1376 3131 1406 3182 lo·

351 3229 409 3277 455.
423 3223 547 3287 mue,
558 3242 605 3292 per
620 3225 696 3277 vices.
900 3241 961 3276 eum
971 3241 1006 3274 es
1018 3221 1155 3276 Menandri
1171 3221 1294 3274 Eunucho
1309 3219 1408 3271 Nostrum

352 3312 410 3361 456.
426 3309 531 3376 ancipiti
543 3307 670 3377 οόεοᾳιιίο,
690 3305 758 3376 quod
783 3325 847 3360 eon·
901 3307 1016 3370 traxisse,
1029 3307 1113 3374 inquo
1122 3307 1225 3358 Davum
1240 3323 1336 3358 serrum
1345 3301 1407 3356 Chre

315 3391 399 3443 trariis
413 3389 480 3442 inter
490 3409 517 3442 se
530 3389 710 3460 cupiditatibus
721 3401 849 3460 praestan·
900 3401 1023 3444 restratus
1039 3389 1188 3444 adolescens
1200 3389 1408 3458 adloqrratur,trm·

316 3473 379 3524 dum
403 3483 449 3524 est.
484 3471 578 3524 oberres
588 3509 596 3536 ‚
611 3469 684 3540 plane
704 3469 849 3536 dubitabis,

315 3559 478 3623 incertusque
495 3553 627 3618 haerebis,
652 3555 693 3608 cui
717 3555 849 3625 cupiditati

316 3638 504 3710 indulgendum
524 3639 575 3702 sit,·
601 3656 661 3690 nam
685 3639 798 3691 oberrare
816 3637 849 3691 de

315 3726 349 3778 iis
365 3723 473 3786 dieitur,
486 3723 533 3796 qui
550 3723 607 3776 viae
618 3725 703 3794 ignari
716 3734 789 3789 sunt,
806 3734 850 3777 aut

314 3806 383 3870 loci,
398 3827 476 3877 quem
487 3817 589 3876 petant,
604 3805 704 3859 nullam
721 3808 850 3861 rationem

314 3889 418 3943 habent.

352 3979 494 4030 stt-too.
511 3975 603 4028 Monet
621 3977 730 4040 Noster,
745 3993 777 4028 ne
790 3975 846 4045 opi·

315 4069 405 4123 netur,
421 4059 533 4130 palmam
555 4059 608 4112 lum
628 4077 655 4114 se
673 4078 729 4113 esse
745 4071 850 4114 nactum

316 4145 349 4196 de
365 4143 516 4214 cupiditate,
528 4143 569 4196 cui
585 4143 667 4198 semel
683 4153 782 4196 tantum
803 4163 849 4198 re-

314 4229 415 4280 stiterit.
434 4229 537 4281 Poterat
553 4229 625 4281 enim
646 4230 693 4282 iste
716 4229 848 4282 obiicere:

316 4304 461 4380 Equidem,
472 4311 496 4362 Ο
510 4309 578 4364 bone
585 4351 594 4377 ,
606 4311 678 4364 vitiis
689 4321 715 4366 et
728 4313 849 4382 cupidita·

900 3493 978 3548 quam
991 3483 1078 3527 amore
1095 3473 1229 3545 Chrysidis
1241 3468 1407 3525 meretrieisdt·

900 3559 1021 3622 relictus,
1038 3558 1159 3628 idemque
1172 3571 1274 3624 tamen,
1289 3557 1318 3609 ab
1332 3573 1358 3607 ea
1372 3570 1406 3603 ts·

901 3653 1020 3705 vocatus,
1037 3640 1071 3694 ad
1087 3640 1159 3695 illam
1174 3640 1273 3705 redeat,
1284 3637 1406 3695 scholisstes

900 3729 932 3780 atl
945 3729 971 3780 h.
982 3725 1162 3780 l.observavit.
1179 3728 1313 3782 Terentius
1322 3727 1346 3778 in
1355 3725 1404 3774 tun.

900 3800 1065 3884 pr.personis
1078 3816 1182 3867 mutatis
1199 3807 1361 3874 Menandrtlm
1375 3812 1405 3859 est

900 3906 1009 3952 mutus.

936 3990 992 4037 464.
1008 3985 1089 4049 isthec,
1110 3981 1202 4034 lortius
1227 3999 1308 4052 quarn-
1325 3974 1404 4038 selim,

899 4065 1032 4118 llostrates
1045 4081 1145 4134 quoque
1162 4066 1191 4117 in
1208 4063 1303 4134 vulgari
1321 4073 1402 4111 sermo·

900 4165 942 4200 ue:
954 4147 1002 4200 doe
1017 4149 1086 4199 sollst
1097 4148 1250 4218 duglenbrrr.
1283 4139 1406 4196 dolensiu-

900 4226 1038 4284 commoda
1051 4230 1141 4294 multa,
1155 4251 1228 4300 quae,
1245 4230 1305 4283 dum
1314 4221 1403 4298 puellm

900 4321 1052 4377 sectaretur,
1067 4313 1214 4385 pertulerat.

315 4393 457 4454 tiburnon
476 4391 576 4464 servio;
602 4411 705 4464 possum
724 4397 795 4450 euim
820 4396 848 4451 in
934 4390 1402 4472 tst.ts³.aadamm3uemntrodm
1476 4401 1478 4482 p

1476 4487 1478 4588 l
