3046 5498
519 385 804 454 aousuoarst
1155 353 1228 462 xli·

6 618 8 626 ¹
91 583 240 654 s'bsciiio
266 584 401 656 ictuata
428 589 596 674 dicuutur,
616 589 655 658 sb
673 585 849 657 conturbus
868 605 976 658 atrum
998 591 1225 678 prsmuaticis·

17 728 26 798 Ι
94 707 152 774 que
169 687 322 752 mutatu
354 699 410 754 cst.
438 691 604 754 Enimvero
632 709 732 778 usquc
762 689 888 754 Graecis
918 689 1120 774 scriptoribus
1148 691 1224 756 bueo

100 789 226 852 curatus
243 797 294 865 et,
315 809 400 872 quae
420 789 511 872 reigo
532 789 569 851 iis
589 787 766 863 tribuatur,
788 787 934 863 numius,
955 785 1091 864 Satura,
1117 788 1222 854 Sotira

104 894 133 946 et
148 886 271 964 Supra,
296 895 533 961 memorantur,
554 905 654 966 neque
668 884 812 946 Romanis
827 894 881 945 aut
892 882 996 946 Sotira
1010 906 1062 948 sua
1077 907 1223 968 umquam

14 1003 15 1013 ¹
103 981 238 1060 Satyrus,
268 991 331 1044 aut
365 980 498 1064 satyrica
531 982 721 1044 Graecorum
750 979 849 1063 potiris
880 981 1013 1044 asebnia
1041 1005 1065 1044 s.
1086 982 1222 1046 dramata

104 1078 206 1140 Satires
222 1076 278 1138 sei
299 1079 437 1157 Satyrou
456 1076 611 1140 dicuntur.
624 1077 751 1138 Romani
774 1098 896 1161 quoque
917 1079 967 1140 rix
989 1078 1080 1140 ullam
1101 1084 1220 1159 satyri-

103 1173 421 1254 confabulatum,
443 1173 491 1236 sei
512 1174 644 1236 nominis
659 1184 742 1236 certe
756 1173 862 1250 buius,
878 1174 1067 1236 mentionem
1082 1177 1222 1250 facienti

104 1288 180 1350 usquc
205 1267 247 1328 ab
280 1268 323 1330 iis
348 1269 483 1332 carmina
515 1269 664 1332 eiusmodi
695 1269 806 1350 scriptu
834 1269 914 1342 (nisi
936 1270 1016 1332 forts
1037 1291 1055 1332 s
1075 1271 1225 1348 Lucano,

101 1365 138 1426 oui
161 1363 325 1446 satyricae
355 1365 474 1428 fabulae
504 1363 575 1426 XIV
603 1365 802 1440 tribuuntur,
833 1385 911 1448 quae
930 1374 1034 1428 tamen
1054 1366 1226 1430 cuiusmodi

94 1459 196 1522 fuerint
218 1481 295 1524 non
316 1472 465 1539 causat),
486 1471 537 1524 unt
556 1462 659 1544 Satyri
681 1483 826 1545 umquem
848 1463 964 1524 Romae
983 1462 1101 1524 inducti
1115 1463 1226 1528 viden-

89 1565 138 1616 tur.
171 1556 388 1620 Contrarium
419 1567 503 1620 certe
530 1558 605 1620 mibi
632 1579 697 1622 non
726 1569 962 1642 persuaserunt,
982 1560 1034 1642 qui
1056 1567 1226 1642 provocant

88 1651 119 1712 sd
136 1651 204 1714 loca
227 1655 360 1718 Horatii
384 1657 437 1739 Ep.
458 1655 496 1718 ad
518 1655 578 1718 Pis.
611 1654 826 1719 muso-250.
854 1653 991 1738 Dionysii
1024 1656 1120 1718 Helio.
1141 1659 1227 1734 Vll,

90 1770 132 1830 ys.
152 1757 212 1830 (p.
236 1754 316 1826 460.
336 1752 385 1813 ed.
408 1752 545 1814 Hudson.
565 1761 596 1812 et
617 1753 654 1812 T.
676 1753 733 1813 111.
753 1751 1093 1834 p.1491.ed.lieisk.)
1125 1755 1227 1818 Athe·
1358 1773 1361 1782 ·

90 1845 150 1906 unci
181 1846 252 1921 Vl,
276 1865 307 1926 7.
330 1857 384 1930 (p.
406 1851 477 1912 ufir.
497 1847 546 1908 ed.
569 1847 665 1927 Lugd.
692 1849 935 1930 1612.v1‚78.
964 1847 1004 1908 T.
1025 1849 1066 1910 ll.
1095 1873 1124 1932 p.
1156 1851 1226 1914 500.

92 1938 135 2000 cd.
164 1939 384 2024 Scisweigh.)
415 1952 447 2004 et
483 1941 575 2002 Marii
609 1941 767 2004 Victorini
794 1941 847 2002 lib.
869 1941 924 2002 lv.
938 1962 967 2022 p.
989 1944 1084 2022 ²59¹·
1104 1943 1228 2008 collect.

9 2028 15 2073 '⁸
93 2035 214 2098 Putscb.
235 2037 393 2098 Horatius
411 2036 432 2098 l.
451 2037 472 2098 l.
500 2059 563 2098 uon
584 2037 623 2098 dc
651 2039 881 2109 Romanorum,
905 2037 956 2100 sed
977 2037 1016 2100 de
1036 2040 1228 2104 Graecorum

21 2126 28 2223 ἰ
93 2133 197 2194 inbutis
232 2135 402 2217 satyricis,
429 2133 517 2196 etde
538 2155 667 2208 norme,
687 2133 725 2194 ad
746 2155 839 2218 quom
861 2133 930 2196 iliae
950 2135 1012 2196 sint
1033 2138 1222 2218 exigendae,

25 2230 26 2251 ¹
95 2228 242 2290 iudicium
276 2230 340 2290 fert
368 2227 531 2305 criticum,
563 2231 735 2311 docetque,
755 2251 847 2312 qoam
869 2229 1021 2292 rationem
1042 2232 1229 2312 Satyrorum

96 2328 224 2405 scriptor
238 2335 253 2398 (
267 2349 297 2386 v.
309 2325 424 2400 235.>‚
445 2327 475 2386 b.
497 2346 522 2386 e.
547 2327 571 2386 si
593 2327 658 2408 ipse
678 2329 810 2408 satyrica
829 2326 981 2388 scriberet
1000 2327 1155 2404 dramata,
1179 2353 1231 2393 se-

21 2412 26 2477 i
96 2419 252 2502 quendum
276 2431 407 2503 putaret.
438 2425 485 2502 (ι)
521 2421 704 2504 Dionysius,
725 2421 779 2503 qui
800 2430 831 2482 et
852 2421 956 2505 pupuli
975 2424 1105 2500 Romani
1121 2435 1152 2488 et
1164 2447 1230 2488 om·

18 2514 23 2589 i
96 2516 183 2576 nium
207 2518 278 2578 eius
301 2520 417 2578 rituum
448 2518 599 2599 originem
622 2540 638 2578 a
660 2519 787 2580 Graecis
807 2517 951 2594 deducit,
973 2519 1042 2582 illus
1061 2520 1101 2580 ab
1122 2521 1229 2584 iisdem

17 2680 18 2690 p
95 2613 189 2674 trudit
213 2613 302 2675 bunc
323 2613 484 2676 adscivisse
506 2633 643 2686 morem,
668 2626 700 2676 ut
721 2617 753 2676 iu
775 2616 983 2678 vetustissimis
999 2615 1228 2699 triumphorum

17 2724 18 2737 ¹
93 2707 218 2790 pompis
243 2731 306 2768 nou
329 2708 422 2770 modo
442 2710 594 2770 exercitus
615 2711 712 2772 victor
734 2711 951 2794 imperatorem
968 2710 1229 2792 triumphantem,

15 2806 16 2885 i
92 2805 146 2868 scd
170 2805 269 2866 etiam
291 2805 399 2883 Satyri
419 2825 627 2887 quoscumque
657 2815 844 2888 spectatores
865 2808 939 2868 iocis
959 2807 1113 2892 dictisque
1136 2819 1231 2888 pstu-
1283 2851 1288 2856 -

15 2924 17 3009 y
90 2897 234 2960 lantibus
269 2899 474 2970 lacessierint,
495 2921 586 2981 quam
612 2911 733 2980 κέρτομον
749 2911 945 2986 καὶσατνρικήν
959 2911 1066 2966 παιδιὰν
1088 2903 1228 2984 appellat.

90 2995 151 3056 illc
187 3016 265 3058 sero
294 3015 358 3056 nou
382 3017 400 3054 u
433 2996 558 3058 Graecis
590 2996 774 3078 repetendus
794 3006 858 3070 est,
879 2995 932 3058 scd
952 2997 990 3058 ub
1011 2997 1230 3079 antiquissimis

14 3084 17 3208 y
89 3091 197 3174 potius
219 3091 413 3174 temporibus
427 3091 635 3173 similibusque
649 3091 821 3174 priscorum
836 3091 985 3154 festorum
997 3099 1029 3154 et
1042 3113 1229 3176 pomparum

87 3189 306 3268 solennibus,
334 3189 372 3252 de
402 3189 513 3272 quibus
538 3211 631 3271 supra
661 3188 748 3263 dixi,
767 3198 798 3250 et
818 3190 928 3252 exinde
948 3191 1007 3252 ianr
1030 3193 1160 3272 riguisse
1180 3195 1229 3256 vi-

88 3287 190 3349 detur
220 3309 288 3348 uon
320 3287 397 3348 ulios
425 3307 511 3358 mos,
542 3307 632 3368 quam
663 3285 836 3348 notissimus
856 3286 929 3364 ills,
950 3309 1044 3370 quem
1065 3289 1229 3372 Dionysius

89 3383 208 3444 seriori
231 3391 352 3444 tantum
374 3403 447 3443 aevo
468 3380 593 3442 tribuit:
622 3395 667 3445 νῦν
687 3389 717 3458 δὲ
735 3394 868 3463 ποιήματα
885 3390 991 3465 ᾅδουσιν
1006 3395 1182 3469 αὐτοσχέδια,
1199 3384 1229 3446 b.

90 3497 118 3540 c.
146 3497 261 3538 sersus
294 3477 469 3538 inconditos
496 3485 527 3538 et
554 3475 756 3536 Fescenniuis
783 3476 1081 3542 similest’raeterea
1104 3479 1231 3562 Satyros

1 3603 2 3658 ς
91 3572 164 3636 iiius
195 3575 265 3634 nod
296 3573 354 3636 nisi
379 3571 492 3634 Mimos
524 3570 634 3646 fuisse,
662 3591 702 3634 eu
728 3571 774 3634 bis
801 3571 866 3634 eius
892 3571 993 3636 verbis
1013 3575 1231 3658 cognoscitur:

2 3789 3 3801 ¹
129 3777 178 3844 (t)
194 3773 301 3844 chnig
312 3783 384 3844 putat
403 3793 428 3843 p.
450 3770 643 3839 24,*Horutium
693 3770 755 3824 sisse
773 3770 801 3824 id
815 3769 963 3842 aequulibus
972 3809 980 3837 ,
999 3781 1029 3826 ut
1045 3769 1134 3826 relicta
1148 3772 1228 3826 Osca·

3 3852 5 3863 ’
95 3857 171 3930 loqui
190 3858 227 3910 de
242 3857 341 3929 Satyris
356 3856 478 3922 Graecis,
496 3854 576 3910 latino
590 3875 644 3910 ser·
693 3873 753 3907 rum
764 3873 934 3925 personarum
948 3855 1107 3929 ignobilitate
1120 3858 1233 3910 Graecos

2 3932 5 4015 i
95 3937 479 4006 muncimitandis‚Hurdius
497 3939 642 3994 incorum.
694 3940 802 4009 Satyros
840 3939 1057 4006 introducerent,
1094 3937 1231 4010 paululum

5 4021 7 4081 i
97 4025 129 4078 ad
140 4029 210 4098 Epp.
220 4027 329 4084 Horat..
347 4023 448 4076 Horatii
463 4033 546 4076 aetate
564 4025 643 4076 Oscas
694 4031 783 4076 tomen
797 4021 857 4078 illos
874 4024 965 4094 politos
979 4035 1005 4078 et
1021 4024 1054 4078 ad
1071 4023 1164 4078 saeculi
1175 4023 1232 4078 ele-

96 4129 227 4180 persouas
255 4109 284 4162 iu
305 4109 422 4161 Romana
451 4127 525 4160 scena
546 4107 645 4179 Satyris
696 4109 808 4182 gantiam
833 4107 973 4174 sormutoap
993 4110 1119 4164 incertum
1143 4123 1232 4169 autom

96 4195 206 4248 cessisse
214 4218 225 4261 ,-
240 4193 286 4246 sed
301 4191 447 4246 Eichstuedt
461 4211 485 4262 p.
498 4195 538 4247 78.
559 4195 642 4244 Hora·
697 4211 750 4245 esse
767 4191 857 4260 nobis,
880 4203 969 4246 utrum
993 4213 1023 4248 en
1040 4213 1081 4248 res
1106 4207 1233 4250 euentum

97 4281 187 4343 tium,
212 4277 330 4335 scenicae
349 4281 472 4349 possem,
493 4297 556 4348 quus
577 4279 647 4332 inter
696 4275 833 4347 habuerit,
854 4295 886 4332 aa
901 4277 968 4332 intra
986 4277 1086 4334 consilii
1100 4277 1229 4336 buessts·

98 4361 646 4436 Romanossipussit‚intciiigeutissimurn
697 4363 766 4422 terit.

12 4496 14 4543 p
98 4464 127 4516 st
145 4467 290 4514 aurorem
312 4459 341 4508 ct
357 4449 566 4526 emendatorum,
581 4465 640 4508 sss·
