3056 5490
339 349 432 452 40¹0

831 368 965 432 riensi!

333 561 436 636 Vtile
455 589 590 637 numus
607 562 743 638 habet-z
763 569 908 670 patriae
927 573 1099 676 carisque
1117 582 1345 682 propinquis
1418 625 1449 672 ,ῃ

305 721 309 738 =
331 683 522 774 Quantum
541 677 695 782 elargiri
714 681 869 773 deccat:
890 713 1002 788 quem
1022 707 1059 764 te
1077 691 1170 768 deus
1184 721 1264 770 esse

330 800 440 873 Iussit
454 779 466 890 ‚¹
483 815 521 871 et
536 796 701 872 humana
721 827 796 900 qua
815 820 923 904 perte
942 801 1088 882 locatus
1108 837 1146 884 es
1164 815 1204 884 in
1223 840 1277 890 re.

328 920 460 992 Disce:
478 941 549 990 nec
568 915 756 1007 invideas,
772 917 879 1020 quod
899 921 1016 997 multa
1035 923 1160 1001 fidelia
1180 949 1290 1034 putet

260 1021 261 1024 ¹
327 1031 373 1120 In
389 1030 580 1137 locuplete
601 1060 726 1137 penu,
746 1031 910 1108 defensis
930 1042 1133 1152 pinguibus
1155 1047 1330 1142 Vmbris,

327 1154 376 1224 Et
392 1155 523 1254 piper,
543 1157 580 1224 et
599 1177 764 1253 pernae,
783 1155 896 1227 Marsi
918 1161 1146 1236 monimenta
1165 1161 1336 1259 clientis,
1416 1208 1447 1256 ῃ

326 1271 538 1368 Maenaque
557 1265 661 1370 quod
680 1272 801 1372 primo
821 1271 992 1388 nondum
1012 1274 1197 1352 defecerit
1215 1309 1315 1358 orca.

360 1483 402 1532 ιο.
421 1479 573 1550 Qumaspo
585 1482 645 1534 uite
661 1499 745 1534 tunm
764 1475 859 1538 ιαιιιι

326 1584 399 1634 asper
412 1564 437 1616 h.
458 1562 476 1616 l.
498 1574 535 1616 est
552 1583 656 1628 recens,
674 1568 791 1618 nondum
810 1583 863 1619 usu

326 1649 444 1702 detritus.
463 1649 554 1702 Senec.
569 1649 649 1718 Epist.
665 1655 704 1702 49.
718 1669 768 1704 nou
782 1653 858 1714 voles,

324 1734 391 1802 quod
403 1733 704 1803 alemannorumque
717 1736 797 1802 prodo
808 1737 857 1788 act-

323 1819 413 1886 cipere.
434 1817 470 1868 ibi
488 1819 592 1882 Gruter.
614 1819 676 1888 quid
695 1821 773 1881 utile,
793 1839 863 1888 prox,

324 1920 402 1969 quam
411 1899 562 1954 utilitatem.
573 1902 667 1954 Sensus
674 1913 721 1956 est:
730 1903 859 1973 quisjusus

322 1987 356 2036 sit
369 1983 527 2036 divitiarum.
544 1987 641 2080 patrp'ae
667 1989 776 2057 carisque
790 2007 855 2057 pro-

320 2075 421 2140 pinquis
435 2079 483 2122 cet,
543 2132 552 2150 ι

356 2193 398 2238 7ι.
417 2189 459 2237 72.
473 2203 544 2254 quem
557 2197 581 2237 te
594 2185 652 2238 deus
674 2204 723 2239 esse
742 2187 823 2240 lussit.
836 2190 853 2242 i.

321 2287 345 2322 c.
361 2287 422 2338 ques
434 2279 515 2337 partes
529 2268 575 2321 tibi
592 2269 660 2321 Deus
673 2269 818 2342 adsignavit
826 2271 853 2324 in

322 2351 376 2403 vita
389 2350 507 2422 agendus.
541 2353 649 2415 Vitam,
671 2351 734 2405 dixit
754 2355 854 2424 Epicte-

320 2445 377 2500 sus,
401 2454 503 2488 scemm
521 2454 591 2498 esse,
606 2436 633 2488 in
653 2457 704 2509 qus
721 2457 780 2491 suae
796 2443 849 2493 cui·

320 2539 370 2589 que
388 2529 471 2588 partes
488 2519 601 2590 agendae
614 2519 681 2584 sint,
698 2521 852 2575 videndum·

320 2621 387 2672 que,
400 2613 430 2655 ut
440 2602 615 2673 unusquisque
627 2621 763 2672 personam
777 2623 851 2658 suam

318 2671 515 2740 hene'tuesiur.
547 2685 658 2755 Elegans
686 2688 851 2758 Epigramma

316 2770 461 2822 Graecum:
486 2770 569 2826 Σκηιὴ
600 2775 649 2831 πᾶς
672 2769 687 2823 o'
707 2771 780 2841 βίος,
805 2775 855 2828 καὶ·

316 2853 469 2922 rarissumi
484 2854 546 2924 μάθε
558 2855 657 2917 παίζειν
669 2856 715 2913 τήν
733 2856 849 2915 σπουδὴν

315 2938 440 3008 pernicie,
454 2937 536 3009 dqips
549 2938 594 3000 τὰς
609 2937 707 3000 ὀδύνας.
742 2941 850 2995 bumaria

316 3020 526 3092 coniungendum
549 3040 610 3074 cum
632 3031 671 3074 re:
683 3025 792 3078 duntona
810 3047 849 3079 res

316 3113 354 3157 est
370 3105 423 3159 vita
440 3103 570 3174 humanm
590 3115 616 3158 et
634 3125 693 3176 pars
708 3108 779 3161 idem
791 3123 846 3175 est,

315 3187 384 3256 quod
398 3188 464 3258 opud
478 3189 623 3258 Epictetum
644 3209 665 3242 c.
682 3195 720 3243 stt.
742 3193 845 3264 σχέσις,

265 3259 268 3266 ’
314 3271 501 3324 coniunctionis
514 3273 595 3337 ratio,
609 3273 636 3325 in
650 3293 699 3343 qua
714 3293 848 3331 versemur

312 3373 373 3406 cum
385 3353 440 3406 aliis
449 3353 609 3422 hominibus,
619 3357 690 3410 unde
701 3359 846 3414 officiorum

312 3435 435 3490 divesitas
451 3437 543 3491 oritur.
563 3439 674 3506 locatus,
685 3445 846 3514 τιταγμινος,

312 3521 388 3589 qussi
402 3520 430 3574 in
443 3524 560 3575 statione.

345 3659 388 3706 ¹73.
403 3655 495 3706 Disce:
512 3673 557 3708 uec
570 3657 681 3712 invideas
697 3669 746 3712 oet.
772 3661 845 3715 Disce

310 3751 416 3805 supere,
435 3755 480 3788 seu
499 3757 605 3806 opernm
619 3741 741 3811 impende
762 3743 844 3814 philo·

310 3817 435 3888 sophiae,
454 3819 526 3873 cuius
545 3823 651 3893 quidem
662 3826 777 3880 studium
797 3829 843 3883 riht

310 3923 372 3972 opes
389 3921 442 3957 uon
455 3906 566 3976 augebit,
573 3907 743 3966 nihilominus
756 3923 843 3968 tumen

309 3985 392 4054 disce,
413 4005 461 4039 uec
482 4007 542 4042 curs
556 3999 652 4045 ceteras
676 4004 757 4059 artes,
779 4016 841 4066 quus

309 4070 351 4142 qui
375 4083 511 4136 exercent,
537 4091 593 4127 rem
616 4075 699 4132 secere
726 4093 840 4150 possunt.

307 4157 398 4208 Senec.
409 4157 491 4226 Epist.
508 4166 548 4213 47.
565 4160 682 4228 Speciem
702 4183 763 4234 opes
780 4186 841 4220 con·

308 4237 414 4306 gerendi
434 4239 459 4292 h.
483 4239 499 4292 l.
525 4243 624 4311 posuit,
647 4263 696 4318 qun
712 4247 839 4303 iuriscon-

306 4317 368 4378 sulti
381 4341 565 4395 causarumque
578 4330 678 4402 patroni
693 4331 840 4394 utebantur·

909 1486 986 1540 multa
998 1488 1092 1558 fidelia
1107 1494 1155 1560 (ιιι
1169 1511 1208 1564 sp.
1225 1495 1362 1568 virgAEct.
1376 1500 1446 1566 1,35.

908 1573 986 1627 mulla
1006 1579 1125 1645 victisne)
1146 1597 1194 1649 pro
1211 1599 1309 1652 magno
1332 1603 1446 1640 nermero

909 1673 1028 1709 vasorum
1049 1659 1176 1714 fictilium.
1200 1679 1275 1731 putet.
1293 1665 1345 1720 hoc
1362 1669 1444 1722 verto

907 1738 999 1808 ingens
1011 1741 1152 1798 multitudo
1165 1763 1281 1816 expressa
1298 1759 1355 1814 est,
1378 1771 1441 1821 quse

906 1831 977 1876 tanta
989 1836 1059 1888 erut,
1073 1837 1103 1878 ut
1121 1825 1272 1882 salsamenta
1291 1843 1442 1904 ceteraeque

907 1923 963 1970 res,
989 1927 1052 1976 quse
1076 1909 1106 1962 iis
1123 1911 1335 1984 continebuntur,
1360 1935 1441 1987 quum

906 1992 1021 2042 consumi
1043 2010 1095 2045 nou
1117 2005 1233 2063 possent,
1256 1997 1308 2052 situ
1322 2010 1348 2053 et
1371 2016 1441 2054 sctu-

905 2082 969 2126 stote
986 2091 1219 2148 corrumperentur.

940 2167 981 2212 74.
1007 2161 1040 2212 In
1062 2163 1180 2233 locuplete
1208 2185 1281 2237 penu.
1310 2169 1337 2220 in
1371 2169 1441 2224 cellis

904 2245 1088 2311 promptuariis
1109 2245 1244 2316 locupletis
1262 2251 1393 2306 causidici.
1404 2285 1440 2295 -

901 2329 1047 2398 pinguibus,
1061 2341 1145 2400 potest
1155 2333 1187 2384 ad
1198 2353 1304 2405 corpora
1317 2337 1385 2390 bene
1396 2359 1439 2392 cu·

903 2422 957 2474 rata
976 2413 1150 2482 Vmbrorum,
1166 2429 1211 2470 am
1234 2418 1265 2470 ud
1283 2438 1377 2472 eorum
1400 2422 1437 2474 di·

905 2493 978 2548 vitias
994 2510 1115 2567 spectare5
1131 2501 1255 2570 posterius
1268 2501 1294 2557 h.
1308 2503 1327 2556 Ι.
1342 2523 1438 2558 conve

901 2577 958 2630 nire
984 2581 1093 2635 videtur.
1126 2583 1234 2639 Vmbris
1250 2597 1306 2640 erut
1336 2594 1438 2658 pascuis

901 2659 1007 2734 inclyta.

935 2755 978 2800 75.
1001 2753 1169 2816 munimenta,
1188 2753 1255 2806 doun
1282 2775 1330 2825 pro
1346 2755 1438 2812 desen·

900 2833 981 2886 sione.

934 2923 975 2970 76.
992 2918 1090 2972 Μαεηα
1104 2921 1179 2991 piscis
1197 2923 1312 2978 marinus
1326 2928 1440 2995 quaein

899 2999 978 3052 frusta
993 3002 1099 3056 dissecta
1114 3023 1128 3057 a
1145 3005 1346 3062 salsamentariis
1359 3011 1388 3063 iu
1400 3011 1439 3064 οΙ-

899 3082 929 3143 lis
957 3084 1149 3142 adservabatur.
1183 3111 1250 3144 orca.
1270 3105 1322 3146 ret.
1347 3094 1439 3148 schot.

899 3167 1025 3238 Cm1q.cd
1040 3171 1129 3224 Horat.
1145 3173 1198 3226 Sat.
1213 3178 1252 3237 ll,
1271 3183 1304 3240 ι,
1320 3184 1370 3241 66,
1389 3199 1438 3230 or-

897 3269 967 3310 cam.
988 3254 1038 3318 ait,
1061 3253 1141 3308 ollam
1162 3275 1216 3308 esse
1232 3259 1362 3331 Graecam
1391 3281 1438 3314 ore

897 3343 1004 3404 angusto
1014 3335 1041 3387 in
1055 3337 1167 3392 sormam
1181 3342 1331 3398 xcvxclisu.
1348 3351 1438 3414 prims

897 3436 973 3481 orca,
990 3430 1072 3488 potest
1084 3421 1229 3492 significare
1238 3425 1293 3478 rel:
1306 3426 1336 3478 iu
1348 3429 1436 3498 prims

897 3514 967 3572 parte
980 3524 1068 3570 orcce3
1084 3506 1138 3562 vel:
1154 3509 1180 3562 in
1198 3529 1229 3564 es
1244 3527 1324 3578 oren,
1337 3531 1370 3566 ex
1383 3533 1437 3583 quc

897 3585 1303 3659 primucoeptasuntsalssmentc
1312 3594 1437 3664 depromi

897 3668 1001 3739 reliquis
1013 3673 1078 3726 orcis
1086 3673 1169 3730 adhuc
1181 3676 1292 3731 intactis.
1304 3681 1435 3733 Ceterum

895 3769 936 3806 res
958 3767 1033 3809 erent
1060 3755 1135 3821 viles,
1161 3777 1227 3830 quae
1250 3761 1358 3830 premiis
1386 3783 1433 3816 seu

896 3835 1021 3888 mercedis
1041 3834 1097 3890 loco
1114 3855 1252 3901 ¹causarum
1275 3843 1393 3909 patronis
1417 3863 1434 3895 a

894 3917 1026 3974 clientibus
1041 3921 1219 3978 mittcbsntur.
1275 3945 1367 3980 uarum
1385 3947 1430 3979 re-

892 4023 953 4056 rum
967 4004 1066 4060 vilitate
1080 4009 1173 4062 Noster
1190 4028 1252 4064 usus
1264 4022 1303 4064 est
1320 4012 1352 4064 nd
1369 4033 1434 4066 nva-

890 4087 977 4141 ritism
999 4089 1137 4160 sordesque
1159 4091 1264 4148 illorum
1286 4093 1431 4150 hominurn

891 4171 1113 4244 perstringendae,
1131 4177 1190 4245 qui,
1204 4179 1309 4234 scientis
1324 4179 1431 4233 divina·

891 4273 951 4307 rum
968 4256 1191 4329 humanarumque
1208 4280 1297 4314 rerum
1318 4263 1430 4334 posthu-

891 4335 1017 4406 biro,ve1
1039 4339 1168 4398 vilissimis
1181 4345 1257 4402 rebus
1274 4367 1319 4416 per
1337 4350 1428 4404 masi·
