3056 5490
709 397 712 408 ¹
801 441 934 503 44444

305 432 401 533 444

302 651 419 722 Verte
437 642 594 749 aliquid,
613 646 706 718 iura.
732 675 757 711 c<
765 642 841 716 Sed
856 625 1000 742 Iupiter
1019 637 1190 715 audiet.»
1217 634 1347 716 Eheu!
1475 673 1477 698 1

224 829 228 840 .
301 770 421 854 Baro,
439 778 672 867 regustatum
690 759 807 862 digito
828 759 1021 834 terebrare
1039 756 1199 832 salinum

300 885 510 958 Contentus
529 903 708 984 perages,
727 879 757 950 si
777 879 902 952 vivere
922 902 1009 950 cum
1028 877 1114 952 Iove
1133 872 1268 948 tendis.

236 1050 239 1058 ,
301 1001 376 1072 Iam
393 1003 523 1103 pueris
537 993 675 1101 pellem
692 993 909 1067 subcinctus
927 1010 966 1066 et
982 991 1244 1097 oenophorum
1262 1005 1377 1092 aptas:

301 1117 413 1190 Ocius
433 1113 481 1188 ad
497 1137 641 1190 navem.
663 1107 758 1182 nihil
772 1109 908 1198 obstat,
926 1111 1022 1212 quin
1041 1107 1147 1183 trabe
1168 1123 1268 1184 vasta
1366 1143 1401 1192 m

301 1235 490 1333 Aegaeum
506 1231 651 1332 rapias,
671 1227 742 1299 nisi
760 1223 892 1300 sollers
910 1225 1076 1300 Luxuria
1095 1241 1184 1298 aute

301 1343 505 1420 Seductum
522 1357 694 1416 moneat:
714 1343 798 1436 Quo
820 1339 958 1414 deinde
975 1395 985 1431 ‚
1003 1341 1160 1428 insane,
1181 1338 1289 1412 ruis?
1308 1340 1402 1441 quo?

301 1461 403 1558 Quid
420 1460 489 1536 tibi
510 1461 594 1536 vis?
614 1455 738 1531 calido
756 1455 827 1532 sub
847 1473 1000 1560 pectore
1019 1452 1184 1529 mascula
1203 1453 1288 1528 bilis

302 1662 490 1727 emetiendum,
503 1671 641 1732 autequam
654 1657 838 1712 Alexandriam
888 1657 1040 1714 servistuis.
1073 1657 1142 1710 trabe
1162 1670 1251 1722 44444,
1265 1655 1343 1727 ampla
1355 1655 1405 1707 aad

284 1749 490 1816 ¹perveniretur.
524 1749 609 1798 sitiens
638 1744 746 1795 cernetur
753 1783 761 1807 ,
794 1743 838 1810 qui
887 1745 1013 1794 oneraria.

301 1831 371 1882 sitim
385 1829 430 1882 diu
449 1828 581 1894 toleravit,
604 1827 712 1900 longum
726 1827 776 1879 iter
792 1844 838 1896 per
924 1831 979 1878 442.
992 1826 1123 1894 Aegaeum
1139 1830 1236 1894 rapias.
1256 1823 1355 1878 Locutio
1366 1821 1404 1874 du·

302 1911 402 1964 deserte
413 1929 518 1964 arenosa
528 1909 598 1963 fecit.
637 1915 640 1923 '
887 1909 949 1962 rior.
976 1910 1082 1979 Saepius
1100 1913 1169 1978 apud
1187 1911 1272 1980 potitus
1295 1907 1403 1966 obcurrit.

339 1999 398 2048 437.
414 1993 446 2049 V
442 2007 492 2046 ene
505 1993 612 2064 aliquid.
625 2000 756 2044 commuta
770 2005 837 2042 mer·
887 2013 973 2064 rapere
986 1995 1167 2066 visen,firgam
1185 2003 1233 2044 etc.
1245 2011 1299 2064 pre:
1307 1991 1404 2044 celeriter

303 2097 360 2144 ces,
379 2077 477 2130 adiecta
493 2074 547 2128 doli
560 2073 622 2128 mali
636 2077 741 2128 notione
757 2071 835 2126 intel·
888 2076 1043 2146 procedere,
1058 2079 1159 2147 ingere.
1176 2077 1240 2128 Inde
1255 2073 1317 2128 iilud
1330 2083 1403 2126 natum

302 2159 439 2234 ligendum
451 2159 621 2222 hocvidetur,
635 2159 749 2226 sequitur
767 2160 838 2210 euim
888 2171 940 2227 est,
953 2181 1041 2231 rapere
1055 2169 1188 2231 Aegaeum
1200 2179 1260 2230 pro:
1274 2177 1353 2229 rapere
1364 2161 1403 2210 iter

302 2249 457 2313 iara,atque
471 2243 499 2296 id
518 2261 572 2296 esse
589 2261 638 2314 pro
667 2247 752 2312 peiere
765 2242 834 2312 posi·
888 2265 933 2315 per
946 2246 1090 2316 Aegaeum,
1105 2255 1148 2297 sut
1164 2243 1280 2297 celeriter
1293 2248 1403 2314 Aegaeum

305 2339 380 2391 tum,
408 2325 563 2398 intelligitur
576 2347 605 2378 er
619 2337 754 2395 sequente-⁸
786 2322 838 2378 Sed
888 2348 959 2383 mare
971 2329 1031 2383 navi
1043 2331 1228 2383 transmittere.
1237 2329 1318 2381 Etiam
1327 2327 1403 2380 Graeci

302 2411 402 2483 Iupiter
420 2415 513 2465 audiet.
540 2413 591 2464 iam
605 2410 737 2483 religionis
754 2421 839 2462 metus
890 2413 987 2465 habent
1010 2413 1132 2485 ἁρπάζειν
1157 2415 1205 2470 τὴν
1229 2411 1295 2468 ὀδόν.
1325 2410 1405 2464 otuu

305 2495 535 2549 avaritiaebeilum
545 2495 635 2548 indicit
648 2513 701 2546 ncn
715 2513 777 2546 sane
789 2494 837 2546 sre-
888 2497 997 2558 XXXV,
1011 2503 1036 2549 t.
1051 2497 1120 2546 viam
1137 2513 1238 2548 vorare.
1259 2493 1359 2546 haurn
1373 2501 1403 2543 est

303 2595 385 2646 quens
397 2576 449 2630 ittis
462 2577 630 2647 temporibus.
642 2573 757 2628 lurensi.
770 2577 839 2641 xm,
887 2579 987 2642 sollers,
1012 2575 1112 2631 blanda·
1133 2588 1158 2629 et
1184 2575 1313 2650 inge‘uioss
1330 2586 1403 2628 contra

304 2669 336 2714 ta
354 2679 429 2732 seqq.
888 2665 1010 2716 avaritiae
1025 2661 1217 2731 persuasiones,
1232 2671 1309 2732 potest
1319 2675 1401 2729 quoque

340 2749 397 2797 438.
410 2744 489 2798 Baro.
503 2742 612 2797 stultum
629 2753 654 2795 et
669 2743 779 2794 inertem
790 2740 838 2796 hoc
887 2747 974 2799 sollers
997 2745 1064 2808 dici,
1085 2745 1144 2815 quia
1163 2744 1282 2798 homines
1306 2743 1401 2796 sollertes

303 2827 414 2880 verbum
432 2827 556 2898 designat.
579 2840 727 2897 regrutatam
754 2829 841 2896 digito
889 2837 916 2880 et
934 2826 1081 2898 ingeniosos
1101 2826 1198 2879 reddit.
1212 2825 1313 2878 Lucina.
1328 2825 1401 2875 Amor.

302 2910 424 2963 cerebrm
436 2911 556 2972 salinum,
579 2909 680 2982 saepius
696 2909 775 2980 digito
788 2909 834 2961 dc·
888 2913 920 2964 Τ.
932 2913 964 2963 ii.
978 2931 1002 2980 p.
1016 2915 1074 2963 421.
1086 2910 1168 2972 οὕτως
1181 2911 1196 2970 ἡ
1209 2909 1288 2982 μιαρὰ
1299 2908 1338 2960 καὶ
1347 2917 1417 2958 ner-⁸

303 2991 385 3046 libare
405 2993 593 3062 portiunculam
615 2993 691 3056 satis,
714 3004 743 3045 ut
762 2991 838 3063 digiti
887 2995 929 3056 τός
941 2998 1022 3048 κακοῦ
1034 2990 1400 3066 διδάσκαλοςτρυφὴἇλληνᾶπ’

302 3076 408 3148 vestigia
421 3075 465 3129 sali
480 3078 601 3148 impressa
618 3086 749 3130 maneant.
762 3095 837 3148 regu·
886 3077 964 3140 Attae
976 3077 1070 3138 ἡδονῆς
1083 3079 1261 3150 ἀναισχύντως
1273 3075 1396 3130 ἐπινοοῦσι.

304 3173 398 3214 statiua
409 3164 489 3215 servit
503 3163 601 3215 notioni
617 3166 758 3232 sedsaepe.
922 3167 979 3214 445.
1005 3158 1142 3214 Seducmm.
1173 3164 1313 3228 Tamquam
1333 3156 1399 3208 amica

337 3249 396 3298 439.
411 3242 544 3298 Contentus
552 3246 725 3315 perager,eris
736 3261 838 3312 semper
886 3243 996 3309 timens,
1010 3243 1114 3298 seducto
1128 3245 1201 3313 prius
1217 3243 1312 3297 salubre
1326 3237 1396 3294 roasi·

302 3328 558 3388 mutentussninime
574 3327 633 3380 salis
652 3328 771 3399 portione
784 3329 800 3380 i.
814 3347 836 3380 e.
884 3315 953 3382 'rm
964 3329 991 3380 in
1004 3347 1095 3380 aurern
1109 3329 1259 3393 insusurrat,
1273 3333 1401 3392 monetque,

301 3411 394 3465 citima
410 3423 573 3483 paupertate,
591 3413 632 3466 cui
652 3411 687 3466 441
710 3412 833 3484 pulmen-
887 3422 917 3466 nt
928 3410 1069 3482 periculum
1083 3413 1182 3466 instans
1194 3421 1287 3466 caveat.

302 3493 562 3550 tariiiocoest.cwn
580 3497 837 3567 love,its,utpro-
923 3504 981 3551 444.
1001 3504 1058 3550 its.
1089 3499 1200 3549 masada
1224 3497 1399 3561 tamquam

301 3579 378 3651 pitius
391 3579 436 3632 tihi
448 3580 543 3650 Iupiter
558 3597 613 3633 esse
626 3581 712 3652 possit.
735 3582 819 3634 tendis
827 3620 836 3644 ,

303 3665 350 3719 tibi
364 3665 494 3734 proponis.
573 3729 574 3734 ¹

336 3753 393 3801 sao.
411 3747 519 3819 pellem,
537 3749 691 3814 manticam,
706 3757 749 3801 sut
766 3747 834 3802 eius-

300 3829 373 3886 modi
386 3827 499 3900 aiiquid‚
513 3851 564 3901 qno
577 3849 618 3884 res
631 3832 662 3885 ad
675 3835 724 3886 iter
734 3830 834 3884 sacien-

300 3914 365 3967 dum
379 3918 535 3970 necessariae
547 3927 620 3969 erant
633 3916 773 3971 involutae.
788 3919 835 3970 Ca·

300 4001 429 4056 saubonus
446 4015 555 4072 regerere
571 4001 710 4075 iutelligit,
729 4005 763 4057 de
784 4021 836 4074 quo

300 4082 353 4154 ipse
379 4084 412 4137 441
435 4086 506 4138 Suet.
533 4089 599 4157 Aug.
618 4090 660 4140 83.
687 4088 838 4152 subcinrues,

299 4165 354 4236 ipse
378 4167 510 4236 expeditus
540 4167 573 4222 sd
604 4167 654 4222 iter
679 4169 835 4222 faciendum.

300 4252 465 4322 erisophoram
479 4271 541 4317 ves,
556 4251 583 4305 in
596 4273 646 4323 quo
661 4253 752 4307 vinum
765 4253 836 4306 sere·

300 4331 385 4384 betur.
413 4344 499 4400 aptos,
513 4332 599 4386 trudis.

887 3581 985 3634 sortem
1010 3579 1096 3634 reddit
1124 3579 1156 3632 ad
1183 3577 1295 3633 obeunda
1315 3573 1399 3644 quaeris

886 3663 1010 3736 pericula.
1023 3661 1111 3716 Potest
1128 3671 1215 3716 sutem
1230 3664 1285 3714 bitis
1303 3659 1395 3712 intume-

886 3749 1000 3804 scensde
1011 3765 1174 3820 quacumque
1186 3745 1325 3817 cupiditate,
1337 3739 1397 3793 vehe-

887 3845 988 3888 mentes
1011 3833 1093 3887 animi
1111 3843 1197 3886 motus
1216 3829 1346 3892 excitante,
1362 3821 1394 3874 is·

887 3917 988 3989 retttgt3
1008 3917 1052 3988 qui
1070 3936 1159 3970 rursus
1180 3917 1207 3969 in
1222 3913 1300 3968 bitem
1319 3913 1397 3978 agatii

886 4019 997 4070 eamque
1022 3999 1048 4052 in
1075 3996 1246 4052 ventriculum
1266 3989 1396 4048 effundunt,

885 4095 915 4137 ut
929 4083 956 4136 h.
967 4082 984 4135 i.
998 4082 1031 4136 de
1047 4082 1110 4136 tucri
1122 4081 1259 4152 eupiditate
1271 4092 1324 4130 rum
1334 4069 1396 4123 timu·

885 4187 929 4234 re,
941 4186 974 4220 ne
989 4185 1062 4219 mora
1075 4167 1201 4219 damnum
1216 4163 1277 4216 ierat
1285 4198 1292 4226 ,
1302 4155 1391 4211 coniur-

886 4259 935 4302 cta.
952 4248 1037 4301 calido
1059 4265 1094 4300 sc.
1112 4265 1171 4316 prae
1185 4243 1322 4315 cupiditate.
1345 4249 1395 4286 um

885 4337 985 4386 4444444.
1006 4331 1038 4385 ad
1059 4330 1199 4384 sanandam
1212 4323 1391 4381 insanianeiet·

337 4415 536 4470 estonam
556 4435 644 4470 navem
665 4435 699 4472 se.
720 4416 838 4486 increpes
885 4427 1007 4469 ramesse
1029 4413 1190 4480 adhibitam,
1214 4430 1236 4465 v.
1261 4405 1292 4460 ed
1313 4398 1394 4455 suth
1476 4437 1477 4458 i
