3056 5490
345 351 440 476 416
835 379 966 436 rmusu

341 599 427 674 Non
448 609 568 666 tamen
589 591 658 662 ista
677 581 753 657 filix
770 578 852 655 ullo
873 579 1100 652 mansuescit
1118 591 1261 650 aratra.

393 710 609 797 Caedimus,
624 705 741 805 inque
763 701 880 774 vicem
899 693 1122 800 praebemus
1141 719 1256 766 crura
1275 692 1406 794 sagittis.

271 910 273 912 ,
344 831 494 910 Vivitur
512 825 584 897 hoc
603 835 739 924 pacto:
759 817 812 889 sic
830 815 1012 887 novimus.
1041 807 1105 882 ilia
1130 807 1262 882 subter

342 946 503 1034 Caecum
520 936 657 1014 vulnus
677 931 817 1008 habes:
837 926 902 1004 sed
921 926 999 1002 lato
1018 923 1165 1000 balteus
1184 948 1279 997 auro

341 1066 542 1165 Praetegit.
569 1075 612 1133 ut
628 1055 755 1142 mavis,
774 1049 822 1124 da
842 1046 970 1136 verba,
988 1062 1027 1130 et
1045 1041 1179 1146 decipe
1197 1065 1351 1129 nervos,
1410 1075 1432 1122 u

342 1189 382 1261 Si
401 1197 519 1288 potes.
545 1170 787 1274 «Egregium
808 1191 925 1266 quum
946 1187 1005 1236 me
1025 1161 1162 1234 vicinia
1182 1156 1310 1243 dicat,

343 1302 430 1376 Non
450 1289 666 1369 credaut»
690 1287 781 1358 Viso
801 1282 830 1356 si
850 1277 989 1384 palles,
1008 1273 1194 1377 inprobe,
1214 1296 1349 1358 num0;

343 1415 383 1490 Si
396 1411 487 1486 facis
512 1410 554 1480 iu
570 1427 707 1508 penem
723 1392 912 1502 quidquid
930 1391 998 1465 tibi
1017 1393 1120 1476 veuit
1138 1413 1327 1475 amarum;

344 1532 385 1613 Si
400 1521 529 1632 puteal
546 1517 664 1594 multa
684 1531 817 1590 cautus
835 1509 955 1587 vibice
974 1504 1167 1608 flagellas:

346 1815 400 1871 lido
417 1815 493 1862 erant
509 1779 659 1863 emollitae,
679 1807 708 1851 ut
720 1795 766 1868 pili
781 1791 881 1847 facilius
931 1787 1058 1842 similante
1067 1828 1078 1858 ,Ι
1087 1804 1121 1842 ne
1134 1783 1198 1840 iude
1212 1780 1348 1836 adversarii
1358 1777 1431 1832 aumas

346 1899 528 1955 evellerentur.
546 1889 588 1942 Sic
601 1883 734 1938 balneator
747 1880 800 1950 ipsc
814 1873 882 1946 apud
932 1885 1063 1946 augeatur.

345 1980 493 2040 Martialem
505 1977 569 2043 (ΠΙ,
583 1981 606 2026 7.
626 1971 663 2036 3.)
677 1973 784 2018 vocatur
803 1963 881 2014 elixus
967 1967 1009 2013 45.
1027 1973 1051 2012 et
1072 1959 1157 2026 decipe
1182 1973 1281 2017 nervos,
1298 1951 1315 2004 i.
1337 1947 1427 2014 edecipt

349 2069 382 2120 ab
403 2083 468 2134 aqua
486 2057 583 2119 calida,
598 2069 676 2123 quam
689 2056 788 2104 tractui.
805 2046 875 2102 lube·
933 2045 1001 2097 vires
1021 2054 1077 2096 tuas
1086 2082 1094 2106 ‚
1116 2039 1221 2104 simila,
1238 2037 1304 2090 vires
1316 2033 1355 2086 tibi
1367 2030 1427 2083 adbuc

344 2157 452 2226 sacrem.
471 2166 504 2201 sc.
518 2139 670 2198 vellicando.
691 2131 819 2206 Exprimit
833 2125 882 2183 boc
931 2123 1044 2194 integras
1069 2139 1138 2182 esse,
1153 2135 1222 2188 quae
1240 2115 1339 2170 vulnere
1358 2109 1425 2164 debili-

349 2231 543 2302 difficultatem,
566 2242 627 2278 curn
653 2237 701 2290 qua
719 2217 766 2290 pili
782 2211 878 2269 evelle·
933 2217 1080 2266 tutaesunt.

347 2331 447 2374 rentur.
967 2297 1009 2344 46.
1032 2291 1174 2360 Egregium
1196 2303 1251 2336 aun
1267 2301 1305 2334 mc
1319 2279 1430 2333 cetsmct.

382 2411 425 2457 tt.
442 2402 527 2474 filix„
558 2394 591 2447 de
612 2403 775 2463 quacumque
801 2381 882 2435 herba
933 2377 1014 2444 Epist.
1041 2380 1088 2428 592
1116 2371 1191 2424 tuat
1215 2370 1337 2437 praecipue
1354 2358 1430 2430 impedi

350 2487 444 2554 sterili,
467 2501 532 2558 quae
549 2479 663 2537 culturae
678 2469 883 2544 agrorumobli-
933 2460 1086 2528 (quominus
1107 2465 1229 2516 tautum,
1257 2460 1371 2521 quantum
1389 2443 1429 2495 atis

350 2576 396 2630 cit.
429 2572 582 2624 mansuescit.
610 2565 718 2614 Sensus:
740 2571 881 2625 numquam
933 2545 965 2597 sit
984 2543 1105 2595 adversus
1120 2540 1182 2590 vitia
1199 2537 1308 2596 discere,
1324 2527 1429 2590 discamus]

297 2705 298 2708 .
349 2671 437 2713 tamen
459 2653 504 2726 pili
526 2650 647 2704 radicitus
673 2639 883 2711 extirpabuntur3
932 2627 999 2700 quod
1012 2627 1062 2676 cito
1079 2624 1148 2675 nolis
1169 2623 1309 2690 pluremum
1325 2617 1343 2666 si
1358 2611 1427 2663 ivam·

350 2749 467 2792 naturam
484 2731 596 2786 vincere¹
607 2747 658 2780 uon
673 2721 776 2794 poteris.
933 2731 1004 2772 mus,
1022 2712 1064 2779 qni
1083 2727 1127 2758 nos
1147 2707 1226 2757 bonos
1245 2705 1310 2754 uiros
1325 2699 1391 2758 dicat,
1401 2695 1429 2760 qai

384 2817 597 2873 42-52.Versus
610 2815 884 2876 tletsequeususque
931 2795 1074 2864 pmctemes,
1101 2795 1142 2862 qul
1168 2801 1282 2849 sanctos,
1300 2781 1428 2834 mamona.

351 2909 382 2962 ad
402 2907 513 2958 novimus
527 2917 587 2954 cum
605 2891 719 2950 anteced.
738 2889 883 2945 cohaerent.
934 2875 990 2932 Nec
1014 2895 1094 2928 sumus
1115 2875 1219 2925 modica
1245 2867 1372 2920 tardatione
1386 2876 1428 2910 aaa·

350 2995 387 3044 Ita
401 2990 475 3061 quasi
491 3003 565 3040 more
579 2991 709 3051 receptum
722 2986 777 3038 est,
793 2971 885 3042 inquit,
933 2967 994 3014 tenti
1000 2983 1011 3025 ,-
1036 2959 1160 3032 quidquid
1181 2963 1209 3010 r'n
1225 2974 1270 3006 nos
1289 2951 1384 3003 adulatio
1396 2947 1431 2993 titt

351 3079 481 3151 carpimus
496 3087 522 3130 ct
537 3071 669 3143 carpimur
686 3065 807 3120 vicissim.
827 3057 884 3112 ve:
932 3047 1028 3118 pudore
1052 3047 1193 3113 congessit,
1221 3052 1339 3106 tamquam
1352 3029 1430 3080 dolllffl
1477 3093 1478 3096 Ἴ

351 3181 428 3228 rum,
452 3178 519 3234 quae
541 3163 700 3226 sequuntur,
722 3147 753 3201 ed
771 3147 884 3218 priorem
931 3131 1093 3202 Pteltdlmffir’
1108 3129 1273 3195 ⁰Pllm⁰⁵t²⁰³
1284 3135 1343 3179 0⁸³⁶,
1358 3110 1429 3180 ‘ssl’l‘l'

351 3249 445 3301 satirae
469 3251 569 3314 partem
588 3254 675 3290 rursus
695 3231 824 3302 pertinere
841 3225 882 3280 vi·
934 3218 1040 3268 listimos
1076 3209 1269 3279 adfirmantibus
1296 3199 1430 3254 adsentinu.

353 3331 456 3386 dentur.
478 3326 566 3398 Pergit
587 3323 679 3376 Noster
698 3313 793 3370 hortari
812 3313 884 3366 iuve·
934 3320 990 3351 cum
1006 3301 1111 3349 selamin
1123 3295 1181 3346 illas
1194 3309 1267 3362 saepe
1280 3274 1429 3340 martiri.bllt

351 3428 412 3463 nem
438 3406 536 3472 illum,
562 3421 594 3455 ne
622 3397 729 3470 populo,
754 3404 884 3448 externam
935 3401 995 3435 rum
1017 3379 1192 3434 laudationem
1214 3373 1261 3429 sibi
1281 3365 1356 3424 fraudi
1374 3360 1430 3413 lt¹l⁵te

302 3489 311 3498 ”
340 3493 463 3564 ,speciem
476 3491 503 3542 in
516 3485 654 3542 iudicando
668 3479 796 3554 sequenti,
807 3477 886 3529 fidem
936 3468 1071 3535 prolitetur
1090 3459 1238 3515 Alcibiades
1254 3451 1318 3525 apud
1330 3446 1443 3516 Platoutu

352 3576 461 3640 habeat,
473 3583 501 3624 ut
513 3570 597 3640 potius
610 3584 636 3618 sc
650 3565 734 3634 ipsum
753 3557 886 3631 exploret,
936 3551 964 3603 ln
981 3553 1073 3622 Symp.
1087 3547 1195 3600 XXXII.
1205 3543 1247 3595 ed.
1263 3534 1337 3598 Wolf.
1439 3580 1442 3594 ,

771 3645 774 3652 ⁴
906 3649 911 3658 ’
972 3641 1013 3687 47.
1028 3631 1096 3686 Viso
1109 3633 1130 3683 si
1141 3628 1280 3697 pallescet.
1292 3613 1427 3670 Similisort·

1198 3707 1248 3779 pud
1263 3695 1365 3758 luvenal.
1375 3690 1429 3745 llll»

1210 3792 1244 3845 cs.
1255 3803 1325 3856 supra
1339 3779 1381 3846 ΠΙ,
1397 3771 1427 3824 ¹⁰⁹

352 3679 381 3714 ac
394 3677 439 3710 sua
454 3655 515 3708 vitia
531 3660 678 3722 cognoscat.

385 3747 429 3794 42.
449 3739 598 3799 Caedimus,
611 3739 682 3803 inque
693 3733 769 3781 vicem
782 3725 884 3797 praele-
937 3712 1015 3770 tionis
1031 3713 1103 3767 color
1123 3722 1161 3764 est
1181 3732 1194 3761 a

353 3845 405 3880 nun
426 3815 496 3876 crura
515 3821 624 3890 sagittis.
645 3817 784 3883 Sumptum
801 3809 850 3862 boc
873 3825 887 3860 a
938 3807 953 3854 9
971 3819 1040 3869 seqq.
1060 3803 1110 3850 435
1127 3813 1198 3865 seqq.

353 3905 497 3968 militibus,
517 3917 630 3970 quorum
653 3912 744 3964 corpus
760 3899 831 3944 scuto
846 3900 884 3941 te·
937 3903 1010 3958 seqq.

352 4002 440 4056 etum,
459 4003 534 4042 crura
549 3981 648 4058 sagittis
661 3990 687 4034 ct
701 3977 757 4033 telis
770 3972 886 4045 exposita
942 3971 945 3976 '
970 3975 1106 4038 luponem
1126 3978 1257 4023 omassum
1281 3954 1327 4008 le.
1344 3946 1428 3998 ΜΝ

354 4083 437 4129 erant.
936 4051 1107 4105 libidinosam.

381 4161 430 4208 Α3.
446 4155 559 4205 novimus
566 4148 624 4212 ,ita
634 4145 723 4198 vivere
738 4139 885 4195 didicimus.
970 4141 1012 4189 49.
1042 4131 1071 4186 St
1086 4129 1171 4202 puteal
1186 4139 1269 4180 aauuu
1294 4105 1429 4171 mirelli&

388 4243 431 4290 st.
447 4236 561 4290 Caecum.
576 4229 644 4300 quod
658 4226 820 4281 adversarius
832 4241 886 4276 uon
929 4219 1066 4290 flagellas.
1090 4219 1149 4268 Duo
1171 4209 1278 4282 putealia
1296 4207 1377 4254 Romae
1387 4189 1425 4252 stt·

354 4317 545 4373 animadvertit.
566 4315 706 4382 Sumptum
726 4325 821 4376 nempe
838 4307 887 4360 boc
938 4313 1013 4366 runt,
1031 4317 1094 4370 quae
1108 4295 1183 4350 uobis
1200 4291 1302 4366 quidem
1315 4289 1365 4334 nota
1375 4275 1428 4326 ,ont
1477 4279 1478 4302 l

355 4400 524 4477 agladiatoro
540 4395 675 4454 vulnerato
687 4403 713 4446 et
731 4391 825 4446 vulnus
837 4389 888 4443 dis·
938 4402 953 4441 a
974 4383 1107 4456 pluribus,
1128 4381 1205 4433 etiam
1223 4394 1238 4428 a
1254 4363 1347 4442 Sigania
1358 4359 1383 4412 de
1393 4357 1427 4405 etl
