3098 5498
212 389 221 432 4

367 387 456 480 446
483 449 491 462 ,
811 417 1035 478 4444444444

359 619 436 694 Ter
458 613 641 689 matutino
659 609 789 687 Tiberi
801 628 1020 716 mergetur,
1039 629 1077 688 et
1092 615 1181 718 ipsis

357 729 575 807 Vorticibus
595 726 766 804 timidum
786 747 901 832 caput
918 727 1068 807 abluet:
1091 713 1180 806 inde
1201 727 1364 832 Superbi

358 843 499 926 Totum
517 848 614 947 regis
628 871 761 947 ugrum
777 843 881 919 nuda
900 872 943 920 ec
959 845 1208 921 tremebunda
1232 844 1398 924 cruentis
1423 885 1465 937 tre
1532 893 1533 904 .

357 965 501 1067 Erepet
520 961 686 1062 genibusr
708 960 746 1034 Si
768 959 928 1035 candida
946 963 1096 1036 iusserit
1113 963 1180 1052 Io,

357 1079 432 1152 Ibit
457 1075 505 1152 ad
522 1077 682 1178 Aegypti
702 1073 813 1149 finem
831 1075 1030 1177 calidaque
1048 1079 1181 1179 petitas

358 1195 391 1268 A
407 1196 536 1267 Meroe
557 1190 723 1294 portabit
744 1217 881 1290 aquas,
901 1209 945 1265 ut
963 1207 1113 1294 sparget
1131 1194 1171 1264 in
1189 1190 1319 1266 aedem

357 1307 488 1398 Isidis,
502 1309 659 1408 antiquo
681 1331 778 1406 quae
797 1310 964 1407 proximu
984 1309 1102 1408 surgit
1119 1305 1218 1382 ovili.

356 1423 487 1500 Credit
503 1422 737 1525 enimipsius
755 1420 930 1496 dominae
947 1447 985 1496 se
1004 1447 1095 1499 voce
1113 1425 1272 1496 moneri.
1419 1458 1466 1508 5³0

355 1542 418 1620 En
438 1540 595 1614 animem
616 1555 654 1610 et
671 1553 856 1628 mentem,
875 1563 959 1610 cum
974 1565 1051 1637 qua
1068 1541 1115 1613 Di
1127 1541 1239 1612 nocte
1247 1537 1461 1641 loquuntur!

357 1661 459 1760 Ergo
474 1656 535 1731 hic
552 1655 798 1758 praecipuum
820 1675 1082 1756 summumque
1093 1655 1463 1746 mereturhonorem,

357 1775 431 1872 Qui
449 1798 565 1876 grege¹
580 1769 740 1874 linigero
757 1769 1008 1848 circumdatus
1026 1789 1065 1848 et
1084 1799 1195 1876 grege
1214 1772 1321 1852 calvo

355 1890 571 1994 Plangentis
586 1887 719 1992 populi
737 1889 858 1962 currit
875 1885 1023 1964 derisor
1041 1887 1197 1964 Anubis.

356 2167 615 2230 eerdotttumeuu
634 2172 813 2217 metronrrum
831 2165 889 2234 igni
938 2169 977 2218 57.
993 2167 1034 2218 58.
1047 2165 1278 2220 77.-4484444446.
1290 2169 1334 2220 22.
1346 2165 1462 2222 85444442
1532 2127 1533 2160 ³

359 2271 475 2306 4444444444
490 2248 647 2303 lustrationis
660 2245 749 2317 gratia.
758 2285 778 2310 ‚,
938 2251 978 2300 54.
993 2251 1033 2301 58.

392 2341 451 2390 523.
463 2334 517 2388 Ter
527 2333 645 2386 uramtiuo
659 2331 744 2382 Tiberi
756 2339 889 2399 mergetur,
973 2330 1040 2384 4444444
1055 2329 1235 2384 Welchertird
1247 2331 1276 2384 C.
1284 2328 1380 2384 Valerii
1388 2329 1463 2384 rucei

357 2429 388 2474 ut
401 2423 442 2488 ep.
457 2419 562 2471 Lucirn.
574 2419 686 2485 Nsxurpt.
698 2432 720 2467 c.
735 2421 759 2468 7.
775 2409 790 2465 o‘
808 2413 887 2482 μάγος
938 2413 1081 2484 Argonsul.
1095 2413 1191 2468 librum
1203 2416 1270 2468 Vlll.
1282 2415 1382 2468 blisum
1398 2419 1465 2469 4848.

357 2501 424 2574 pred
435 2501 483 2558 eiu
495 2495 595 2570 44444444
608 2498 661 2568 τρὶς
677 2493 708 2549 ἃν
723 2514 772 2566 μου
786 2493 887 2566 πρὸςτὸ
938 2513 964 2564 p.
987 2501 1030 2550 43.
1060 2503 1101 2550 et.
1124 2509 1162 2550 est
1184 2497 1260 2550 brec:
1287 2497 1465 2568 “Scriptum

361 2583 495 2659 trpioouor
511 2579 672 2643 ἀποπτύσας,
686 2607 719 2620 -
738 2579 796 2654 rupi
811 2579 888 2647 pluer
939 2590 1025 2630 444444
1038 2579 1237 2647 antiquioribus,
1252 2593 1338 2638 uertex
1350 2583 1464 2634 recentio-

357 2667 449 2728 uterer
462 2664 504 2720 tut
516 2663 557 2718 riu
572 2666 689 2733 Τίγρητα
702 2661 814 2730 ποταμὸν
824 2661 889 2730 ἀγα.-
939 2661 1023 2722 ribus,
1037 2662 1133 2714 Ouidio
1145 2673 1170 2714 et
1184 2663 1226 2730 qui
1242 2672 1300 2731 post
1313 2681 1377 2715 eum
1399 2665 1463 2716 44444-

358 2751 413 2820 7444
426 2749 532 2822 44484444
545 2747 572 2799 ri
588 2764 618 2814 μ4
637 2745 683 2798 καὶ
698 2745 821 2813 inluuie.
938 2754 1016 2808 runt,
1032 2745 1150 2798 vindicor
1164 2745 1191 2798 in
1202 2745 1290 2800 multis
1303 2747 1377 2798 enim
1388 2745 1466 2798 verbis

393 2839 449 2886 524.
474 2831 617 2886 Vertier'bus
645 2837 685 2882 47.
703 2837 745 2882 45.
763 2835 804 2884 85.
822 2838 889 2882 recte
939 2827 1074 2880 observare
1085 2825 1158 2892 licet,
1173 2829 1319 2900 graviorem
1337 2841 1366 2882 et
1376 2845 1463 2882 4444444-

355 2915 444 2968 forsan
459 2933 505 2984 pro
530 2914 673 2973 vorticibus,
696 2930 761 2981 quse
785 2911 889 2979 entique
939 2912 1031 2964 liorem
1057 2931 1146 2965 eorum
1177 2914 1414 2983 pronuntiationem
1444 2923 1468 2967 44

357 3009 396 3052 444
413 2997 552 3067 scriptura,
571 3007 598 3048 ut
614 3015 713 3059 vorsus,
730 3007 826 3047 vortere
839 3005 887 3048 cet.
938 2998 1090 3063 scripturum
1123 2999 1253 3050 transiisse
1285 2997 1313 3050 in
1347 2997 1467 3052 leuiorem

354 3081 462 3134 Falsum
475 3092 542 3134 certe
560 3091 614 3144 444,
642 3082 755 3132 verticem
773 3078 822 3129 dici
839 3097 883 3130 cu·
937 3079 1147 3150 suavioremque,
1171 3091 1249 3151 utque
1276 3081 1421 3150 principem
1442 3082 1467 3132 in
1531 3101 1532 3154 4

353 3164 435 3218 4444444
461 3165 499 3216 444
526 3161 718 3227 summitatem,
756 3162 885 3236 κορυφὴν,
936 3162 1468 3232 poitisetentesigrrunumssseovidium„
1531 3201 1532 3210 .

353 3253 471 3301 ventrem
485 3264 546 3298 uero
566 3263 657 3315 aquarn
673 3244 747 3298 4444444
763 3263 883 3298 omnem·
971 3247 1029 3298 527.
1038 3245 1106 3314 fines
1118 3251 1204 3298 26.-
1223 3248 1373 3316 calidusque
1389 3256 1413 3302 7.
1429 3251 1465 3300 tt.

354 3349 408 3404 que
419 3331 593 3385 aliumremln
605 3329 694 3383 orbem
705 3339 784 3382 uttam
794 3369 800 3392 ,
812 3325 884 3386 diuus
938 3329 977 3376 42.
991 3331 1097 3379 44-22,
1115 3333 1158 3379 24.
1177 3333 1219 3382 25.
1240 3335 1283 3382 27.
1300 3334 1347 3382 29.
1363 3334 1468 3386 45-54.

353 3434 374 3468 s.
390 3412 467 3469 δῖνον.
494 3412 600 3482 Quintil.
615 3415 674 3465 lnst.
688 3412 760 3464 Oret.
775 3415 833 3464 Vlll
842 3451 849 3477 ,
859 3419 883 3465 2.
936 3413 1043 3460 84-67.
1058 3415 1100 3462 69.
1112 3417 1192 3462 74-7
1200 3418 1221 3462 4.
1239 3417 1282 3466 85.

353 3507 379 3553 7.
399 3499 509 3562 Vertere,
521 3495 620 3565 iuquit,
633 3510 668 3548 444
688 3509 799 3548 cortrone
814 3499 841 3546 iu
858 3515 884 3550 44
969 3493 1223 3548 52844444446462.
1233 3501 1467 3552 tautecurt.

353 3601 418 3652 aque
431 3581 471 3632 vel
483 3578 603 3650 quidquid
616 3578 685 3630 aliud
698 3579 813 3629 similiter
822 3597 880 3630 ver·
968 3581 1025 3628 5344.
1042 3579 1135 3628 moueri
1148 3583 1189 3630 46.
1201 3583 1242 3632 24.
1256 3585 1298 3632 45.
1313 3587 1360 3635 46.
1378 3586 1420 3636 48.
1429 3586 1466 3634 49.

353 3669 427 3722 tibur
443 3665 501 3715 im'e
516 3663 719 3734 propter'flexum
737 3661 884 3730 eupillomm
934 3661 975 3710 57.

352 3767 411 3818 pers
433 3761 467 3800 444
487 3763 583 3798 rmuma
605 3748 707 3813 rapitis,
725 3756 749 3794 et
771 3763 802 3796 er
819 3746 881 3808 ltoe,
968 3743 1026 3792 534.
1043 3735 1172 3809 lodium
1196 3747 1237 3794 42.
1255 3748 1294 3797 48.
1310 3747 1354 3797 22.
1370 3749 1410 3798 24.
1428 3749 1467 3799 25.

352 3831 420 3900 quod
431 3843 466 3881 444
482 3833 510 3880 iu
526 3827 646 3880 urentibus
662 3828 881 3880 eminentissimum.
932 3828 1041 3878 46-50.
1056 3829 1165 3880 54-60.
1179 3832 1220 3881 62.
1233 3833 1344 3885 65-69.
1361 3835 1466 3886 74-74.

352 3913 425 3965 ldern
438 3922 523 3964 44444444
537 3921 664 3962 memoret
677 3911 698 3973 1,
713 3917 744 3972 7,
760 3914 802 3962 25.
821 3910 880 3962 Sei·
934 3911 977 3962 ts.

262 4035 265 4041 .
353 3996 459 4066 pionem
478 3995 558 4048 Afric.
579 3995 691 4064 primum
722 3994 817 4058 luisse,
837 3995 881 4064 qui
967 3999 1024 4046 533.
1043 3994 1338 4065 lanigerol.9.lt.li.
1357 4003 1463 4054 44-24.

353 4097 400 4148 pro
410 4083 499 4130 vortice
511 4078 604 4130 dixerit
613 4083 734 4130 uerticem.
748 4077 879 4147 cttntpp.
933 4083 974 4149 27.
990 4085 1030 4129 45.
1045 4084 1086 4132 85.
1101 4082 1245 4148 paucissimi
1258 4082 1333 4135 codd.
1350 4085 1432 4138 Paris.
1442 4092 1467 4136 44

353 4163 425 4231 Virg.
451 4164 518 4214 Aen.
543 4165 571 4224 1,
594 4168 651 4214 447.
677 4163 739 4222 Vll,
764 4169 803 4213 54.
822 4169 880 4216 567.
932 4159 985 4213 duo
1001 4159 1112 4225 Pitheci,
1133 4163 1175 4233 qui
1196 4166 1223 4216 id
1245 4165 1312 4218 mele
1333 4167 1466 4235 probabat.

353 4243 441 4296 Heius.
463 4243 495 4295 sd
515 4241 600 4294 Voler.
620 4240 661 4297 ΕΙ.
685 4243 753 4306 44444,
777 4248 836 4296 ³32.
854 4255 880 4297 et
933 4245 1012 4296 verus
1039 4243 1152 4298 scholion
1175 4259 1228 4302 est:
1254 4253 1414 4322 “lmriger05
1432 4250 1468 4306 sie
1492 4311 1496 4326 Ι

353 4325 444 4379 Cellur.
458 4322 627 4396 Ortlrogrrpb.
640 4326 696 4377 Lat.
709 4328 740 4376 T.
753 4326 783 4376 ll.
799 4343 824 4393 p.
838 4330 879 4380 85.
931 4326 1002 4380 enirn
1026 4341 1204 4403 synuuystee,
1231 4334 1335 4405 qrtrndo
1365 4335 1466 4392 Osirim

353 4404 506 4460 erl-llrrles.
525 4436 558 4450 -
579 4407 700 4460 4444444444
717 4409 881 4464 tuto-ss.
931 4423 1088 4480 quaeruut,
1120 4408 1124 4414 ’

1530 3221 1532 3250 4
