3028 5492
281 367 424 460 cxxvi
766 401 905 458 tunes

281 607 384 690 gatae,
405 597 513 660 Coloe·
537 596 622 662 161⁰.
641 595 757 657 Fielreti
789 595 821 656 in
852 594 955 658 Chore
986 605 1143 680 poetarum
1174 591 1283 684 bugd(
1309 605 1397 684 1817.

280 697 386 758 Protei
405 695 496 756 Paris.
522 693 608 768 1684.
629 693 768 754 Messeni
799 691 974 756 Turonibus
1010 694 1096 758 1685.
1118 695 1281 758 Tarteroni
1303 699 1398 761 Paris.

286 789 374 866 1689.
400 781 484 865 ι’695.
508 787 593 867 1706.
619 805 703 864 ¹729·
730 786 815 867 1737.
842 788 1284 874 175201uveuct'illotboptagi
1311 798 1399 876 1697.

286 904 373 966 ¹7⁰9·
394 883 505 945 Οψεηί
524 881 628 941 tend,
646 882 731 960 1785.
757 883 844 964 1786.
1112 873 1116 890 ⁶

324 977 378 1039 tx.
398 977 642 1041 VERSIONES·

324 1076 366 1136 X.
386 1072 725 1135 ousauvmottes
744 1073 778 1133 iu
797 1071 969 1134 iuvenalem
989 1075 1155 1156 separatim
1176 1071 1293 1151 editae,
1318 1081 1349 1137 et

325 1168 379 1230 xl.
398 1166 586 1242 tuautrt,

285 1282 365 1346 quae
385 1265 487 1324 omnia
506 1283 577 1326 mox
598 1255 768 1343 siugulatim
799 1263 1052 1338 memorabimus,
1082 1265 1108 1325 si
1140 1265 1225 1346 prius
1256 1264 1401 1325 universe

286 1379 382 1442 pauca
402 1355 567 1418 dixerimus
586 1356 625 1416 de
646 1357 690 1417 bis
711 1357 845 1418 virorum
866 1356 1027 1420 doctorum
1046 1359 1154 1421 studiis
1174 1371 1206 1421 et
1225 1359 1264 1421 de
1283 1360 1403 1432 lraetu,

288 1472 381 1536 quem
400 1451 471 1511 iude
491 1459 596 1534 poetae
615 1452 824 1532 interpretatio
847 1447 970 1512 tulerit,

327 1547 407 1608 Toto
426 1545 556 1608 Saeculo
575 1545 648 1606 xvt
667 1566 709 1606 ne
729 1566 806 1605 unus
826 1547 949 1626 quidem
963 1549 1198 1610 commentarius
1208 1564 1303 1610 nouus
1322 1549 1402 1610 exiit

286 1644 319 1704 in
340 1641 465 1724 tulgus,
498 1641 551 1702 sed
582 1649 699 1701 veteres
727 1641 861 1722 primunr
891 1641 1007 1720 saepius
1041 1651 1073 1704 et
1097 1643 1186 1705 seriis
1206 1645 1280 1706 lonis
1301 1645 1402 1727 reensi

288 1745 378 1812 suut,
398 1737 508 1817 bisque
526 1734 684 1794 substituta
704 1732 815 1794 deinde
840 1732 960 1793 Scholia
983 1733 1175 1798 Curionis-et
1194 1737 1294 1809 lunii,
1320 1735 1405 1797 mul-

287 1841 387 1892 tarum
408 1829 576 1891 editionum
599 1823 727 1910 margini
747 1827 862 1890 adiecta
883 1847 910 1886 a.
945 1828 1146 1908 reae-1590.
1174 1819 1216 1891 et¹
1232 1830 1404 1913 puerilibus

289 1925 387 1988 dicata
407 1924 534 2000 studiis,
556 1942 633 2004 quae
653 1933 752 1984 tamen
773 1923 808 1983 iis
829 1919 916 1983 valde
937 1923 1075 1986 adiuuari
1094 1943 1180 2006 posse
1199 1943 1289 1986 nemo
1310 1925 1404 1986 facile

289 2021 346 2082 sibi
367 2019 570 2104 persuadebit.
601 2019 707 2100 Neque
738 2013 806 2100 plus
837 2017 939 2079 velent
971 2018 1018 2080 vel
1048 2018 1237 2106 adiugenia
1257 2022 1401 2081 insenum

290 2114 396 2176 alenda
417 2113 465 2178 vel
487 2113 527 2174 ad
547 2121 664 2197 potitam
687 2109 896 2172 illustrandum
912 2121 941 2174 et
958 2113 1150 2196 Peripbraaea
1164 2115 1294 2175 Claterii
1307 2115 1423 2176 Paris.'

294 2213 382 2289 1607.
403 2219 434 2270 et
452 2209 648 2292 Parapbruses
667 2207 772 2268 Ceruti
791 2208 933 2270 Veronae
967 2209 1051 2292 1597.
1080 2209 1177 2269 Pratei
1197 2209 1289 2270 Paris.
1315 2211 1401 2284 reat.

290 2303 505 2387 aliorumque,
526 2325 602 2386 quae
622 2303 770 2378 omnino,
788 2303 813 2364 ai
832 2302 938 2364 breves
951 2314 1040 2378 sunt,
1062 2303 1102 2364 ad
1122 2305 1401 2386 interpretationem

289 2399 367 2460 uibil
387 2401 520 2474 fuciunt,
545 2399 707 2480 praecipue
721 2398 760 2457 in'
779 2397 877 2479 po'e'tis
896 2399 1044 2472 satiricis,
1062 2398 1114 2480 qui
1135 2419 1225 2481 prosa
1245 2401 1311 2459 iere
1330 2409 1406 2460 ora‘-

284 2497 375 2556 tinne
395 2503 535 2572 utuntur,
555 2493 579 2555 si
601 2494 749 2574 copiosae,
772 2514 807 2554 ac
822 2492 963 2574 prolixae,
984 2515 1046 2554 nou
1075 2494 1140 2554 sine
1159 2513 1279 2556 summo
1305 2493 1407 2555 taedio

288 2587 348 2671 legi
365 2597 496 2670 possunt.
518 2585 732 2650 adnotationes
751 2583 933 2660 Pulmanni,
956 2575 1090 2662 Pithoni,
1112 2587 1249 2670 Rigaltii,
1270 2587 1408 2650 Alsnelo-

289 2683 381 2756 senii,
396 2683 542 2744 Henninii
564 2683 753 2764 aliorumque
772 2683 834 2743 sive
854 2681 890 2742 ad
910 2703 976 2743 rem
989 2682 1178 2764 potissimum
1193 2692 1328 2766 spectant
1341 2687 1407 2742 ori·

290 2777 397 2850 ticam,
410 2777 471 2840 sire
493 2775 546 2838 nai
566 2785 683 2838 tantum
703 2777 850 2858 alterique
869 2773 937 2838 loco
956 2776 1056 2838 lucem
1084 2777 1224 2838 afferunt.

330 2869 459 2932 Saeculo
478 2871 568 2932 xvtl
589 2871 659 2932 nori
681 2871 803 2954 quidem
824 2867 938 2952 vulgati
959 2881 1030 2932 suut
1049 2871 1268 2932 Commentarii
1280 2869 1408 2947 Lubini,

290 2966 459 3040 Autumni,
480 2965 640 3039 Farnabii,
663 2965 834 3046 Graugaei,
854 2963 971 3040 Pratei,
993 2963 1148 3028 lusencii:
1165 2960 1221 3026 'sed
1235 2963 1324 3045 longe
1339 2986 1409 3025 ma-

290 3059 371 3124 xima
391 3079 498 3121 eornm
518 3079 587 3142 pars
605 3058 653 3122 rel
673 3079 711 3120 ex
730 3059 981 3142 antiquioribus,
1011 3061 1044 3120 in
1073 3061 1181 3142 primis
1212 3061 1404 3135 Britannici,

292 3154 450 3236 depromta
464 3163 527 3229 est,
547 3153 595 3215 sel
617 3155 712 3240 magis
732 3153 851 3216 doctum
873 3153 975 3236 prodit
1003 3154 1218 3230 subtilitatem,
1238 3175 1329 3238 qnam
1350 3155 1406 3216 in·-

291 3247 363 3309 dicii
384 3267 549 3330 sensusque
566 3247 757 3328 elegantiam.
779 3247 961 3311 intellexere
976 3250 1079 3331 utique
1098 3249 1157 3312 viri
1177 3249 1278 3322 docti,
1299 3249 1337 3310 ad
1354 3249 1408 3307 ln·

291 3341 407 3406 venalia
427 3341 706 3424 interpretationem
727 3363 789 3402 nou
822 3344 959 3406 sufficere
979 3345 1068 3406 unius
1089 3345 1249 3408 alteriusve
1270 3343 1331 3406 loci
1350 3367 1409 3406 ex-

291 3435 507 3520 plicationem,
537 3437 589 3498 sed
622 3447 785 3520 perpetuos
814 3439 930 3520 requiri
960 3441 1214 3516 commentarios,
1248 3440 1300 3522 qui
1328 3439 1408 3501 nibil

292 3530 501 3615 relinquerent
520 3531 719 3594 obscuritatis.
741 3531 838 3594 lideru
860 3553 934 3595 vero
963 3555 1123 3616 perperam
1149 3534 1206 3596 sibi
1226 3535 1410 3618 persuasisse

291 3625 455 3702 ridentur,
474 3648 505 3688 se
525 3627 749 3710 compendiaria
777 3631 821 3690 via
852 3650 904 3701 en,
939 3649 1001 3711 qun
1031 3629 1212 3703 tenderent,
1245 3632 1409 3712 pervenire

295 3741 401 3802 posse,
421 3723 447 3783 si
466 3742 530 3782 non
549 3741 637 3786 suum
649 3722 830 3784 adhiberent
849 3719 1018 3798 iudicium,
1044 3724 1097 3785 sed
1117 3721 1248 3784 alienum
1270 3725 1336 3785 fere
1357 3745 1410 3784 se·

230 3886 231 3889 ¹
292 3823 482 3896 querentur,
512 3835 612 3896 neque
632 3817 688 3898 ipsi
709 3816 870 3898 diligenter
891 3820 1179 3900 circumspicerent,
1205 3837 1282 3897 quae
1306 3815 1410 3898 expli-

293 3927 363 3970 care
382 3919 413 3970 et
435 3929 559 3970 monere
579 3931 654 3990 opus
673 3919 791 3985 esseut,
825 3909 876 3970 sed
896 3911 1018 3972 selectas
1038 3933 1076 3974 ex
1096 3912 1171 3972 otiis
1191 3912 1410 3993 interpretibus

291 4010 378 4062 notas
408 4001 533 4083 singulis
568 4003 709 4076 sceibus,
743 4005 897 4065 sententiis
918 4005 1051 4086 locisque
1079 4005 1302 4086 adspergerent.
1338 4006 1408 4082 Qua

294 4093 410 4152 ratione
430 4095 485 4155 etsi
506 4115 611 4177 purum
634 4097 813 4177 proficitur,
837 4096 894 4157 nisi
915 4099 1033 4158 turneb
1053 4099 1117 4160 aliis
1138 4100 1200 4157 iarn
1218 4098 1319 4159 omnin
1332 4097 1407 4157 'satis

292 4183 439 4247 illustrata
458 4199 529 4249 sunt
549 4189 687 4272 nihilque
708 4191 903 4274 praeteritum
923 4203 990 4268 est,
1010 4192 1091 4276 quod
1112 4187 1298 4274 luee'aliqun
1319 4191 1403 4250 indi-

293 4287 377 4357 geat,
398 4291 462 4342 tum
482 4284 630 4364 aptissima
652 4295 771 4346 tantuna
791 4294 822 4346 et
843 4289 950 4348 ceteris
970 4288 1176 4370 probabiliora
1208 4287 1335 4348 solerter
1366 4305 1405 4345 ex

280 4372 329 4435 'iis
349 4385 568 4460 excerpuntar3
589 4399 650 4440 aon
670 4372 785 4443 mirum
803 4389 901 4443 umen
923 4393 985 4457 est,
1020 4403 1086 4444 enm
1117 4381 1217 4444 multis
1252 4382 1407 4444 arrisisses
