3078 5494
505 398 654 456 sarias
694 396 788 456 xut.
1115 368 1206 462 235

74 595 322 698 Chrysippus
342 617 422 666 non
450 590 552 666 dicet
577 593 678 668 idem
704 616 776 668 nee
803 596 891 671 mite
917 593 1086 674 Thaletis

74 711 285 813 Ingenium
312 705 494 810 dulcique
521 735 636 784 senex
662 709 807 790 vicinus
827 709 1026 813 Hymetto,
1163 755 1213 806 „5

77 829 159 922 Qui
190 841 337 930 partem
364 839 541 926 acceptae
568 851 675 900 saeva
700 826 801 900 inter
826 826 953 904 vincla
978 830 1124 906 cicutae

73 945 308 1020 Accusatori
328 940 450 1016 nollet
468 939 571 1017 dare.
598 939 766 1018 Plurima
784 939 876 1020 felix

74 1059 267 1135 Paulatim
294 1061 382 1136 vitia
401 1077 515 1161 atque
544 1085 693 1134 errores
713 1061 816 1140 exuit
833 1086 988 1152 omnes,

74 1179 207 1251 Prima
227 1175 369 1252 docens
389 1193 533 1252 rectum
552 1174 763 1278 Sapientia:
785 1175 928 1280 quippe
948 1179 1084 1254 minuti

81 1293 246 1396 Semper
273 1309 311 1366 et
336 1289 474 1367 infirmi
501 1308 556 1366 est
584 1293 698 1364 animi
724 1291 926 1392 exiguique
954 1291 1127 1400 voluptas
1165 1331 1215 1382 000

76 1407 215 1483 Vltio:
243 1410 425 1484 continuo
451 1408 503 1486 sic
529 1407 685 1510 collige,
713 1406 820 1510 quod
846 1407 1012 1486 vindicta

79 1527 114 1599 N
118 1551 205 1598 emo
227 1527 343 1626 magis
364 1523 526 1626 gaudet,
545 1552 659 1626 quam
678 1523 828 1598 semina.
856 1527 933 1602 Cur
951 1541 1078 1603 men
1091 1527 1213 1604 hostu

79 1641 253 1716 Evasisse
280 1657 414 1743 putes,
441 1667 537 1741 quos
564 1639 638 1714 diri
664 1643 814 1716 conscia
840 1639 931 1716 fecti

80 1759 195 1832 Mens
214 1754 327 1830 habet
354 1758 530 1832 attonitos
557 1772 596 1833 et
620 1755 738 1832 surdo
765 1755 924 1833 verbere
952 1755 1075 1840 caedit

80 1871 287 1948 Occultum
315 1875 509 1974 quatiente
536 1873 660 1948 animo
686 1890 833 1948 tortore
853 1871 1073 1975 flagellum?
1160 1911 1209 1960 tat
1292 1961 1295 1968 ,

82 1993 216 2064 Poena
242 2006 365 2066 autem
393 1989 592 2071 vehemens
618 2015 662 2062 ac
688 1989 807 2066 multo
835 1991 981 2066 saevior
1006 1987 1103 2078 illis,

83 2110 190 2201 Quas
220 2124 258 2180 et
283 2104 476 2182 Caedicius
502 2107 623 2208 gravis
650 2108 795 2184 invenit
821 2123 859 2180 et
884 2103 1214 2198 Rhadamanthus,
1308 2119 1313 2132 '

84 2227 209 2300 Nocte
235 2221 374 2323 dieque
401 2248 510 2296 suum
534 2238 680 2323 gestare
706 2225 748 2295 in
775 2237 930 2325 pectore
958 2239 1101 2297 testem.

138 2341 326 2444 Spartano
352 2337 499 2412 cuidam
526 2338 724 2442 respondit
748 2339 886 2442 Pythia
912 2356 1033 2417 vates:

85 2453 200 2528 Ilaud
227 2457 455 2558 impunitum
481 2453 674 2556 quondam
701 2453 808 2544 fore,
828 2453 932 2557 quod
953 2453 1145 2528 dubitaret
1162 2489 1213 2540 000

83 2571 309 2673 Depositum
335 2569 500 2642 retinere
527 2585 565 2643 et
590 2565 764 2642 fraudem
789 2571 873 2641 iure
901 2570 1001 2642 tueri

83 2686 276 2772 Iurando;
303 2683 510 2790 quaerebat
531 2687 652 2777 enim,
680 2709 778 2784 quae
805 2686 969 2759 numinis
997 2699 1093 2759 esset

83 2805 195 2878 Mens
216 2819 254 2876 et
280 2830 328 2876 an
354 2801 426 2880 hoc
453 2799 508 2876 illi
535 2801 681 2876 facinus
708 2799 885 2880 suaderet
910 2799 1048 2900 Apollo
1059 2801 1078 2876 'l

84 2918 267 2992 Reddidit
292 2945 383 3021 ergo
409 2936 531 3009 metu,
548 2945 628 2993 non
647 2919 838 3007 moribus;
861 2935 1043 2992 ettamen
1063 2943 1212 2992 omnem

84 3037 229 3109 Vocem
247 3035 350 3138 adyti
369 3033 522 3137 dignam
539 3035 681 3141 templo
700 3043 904 3138 veramque
922 3033 1098 3140 probavit
1160 3073 1211 3124 20⁵

119 3253 178 3302 484.
190 3248 254 3302 dicit
269 3252 309 3300 46.
325 3251 364 3302 23.
376 3251 417 3298 24.
433 3253 524 3302 64465.
671 3254 784 3320 quatiens
798 3251 909 3302 minuata
925 3261 1017 3304 terrore
1029 3254 1053 3301 4.

118 3337 179 3384 486.
191 3350 280 3386 reatae
293 3334 335 3386 26.
352 3335 391 3384 27.
402 3335 443 3384 46.
453 3337 493 3386 48.
503 3337 621 3387 64457-
707 3338 717 3380 4
723 3337 765 3386 97.
780 3331 912 3386 Caedieua
924 3332 1008 3401 recepi
1026 3351 1057 3386 ex
1072 3339 1095 3384 4.
1108 3339 1118 3383 4
1124 3341 1151 3387 7.
1169 3338 1212 3386 24.

83 3419 262 3470 coeamus
276 3419 317 3468 47.
673 3413 787 3470 Cecidius
801 3421 842 3470 20.
861 3421 903 3468 22.
916 3424 958 3470 45.
973 3416 1082 3470 Seditt'ttt
1106 3419 1145 3468 48.
1167 3422 1210 3470 23.

119 3503 178 3552 488.
190 3511 228 3552 ast
239 3517 333 3552 errores
346 3503 424 3552 exurit
434 3517 518 3554 omues
533 3498 622 3554 Prima
672 3506 713 3555 64).
728 3499 855 3554 &eddim
869 3505 897 3556 in
911 3501 1016 3570 reliquis
1034 3500 1154 3555 libain-
1167 3513 1213 3556 atat

81 3582 175 3636 «404404
192 3604 214 3638 r.
227 3583 254 3638 S.
270 3583 360 3654 legisse
374 3595 425 3638 vet.
441 3582 526 3638 Schcl.
540 3584 621 3656 ruspi-
671 3583 876 3638 Rhadmaatluo
887 3587 928 3638 23.
944 3591 986 3638 64.
998 3589 1209 3638 emoneo-69.

82 3667 189 3720 cabatur
210 3667 339 3721 Schurztl.
368 3668 404 3722 At
431 3686 534 3723 mnsam
555 3668 621 3721 sorte
673 3668 1098 3724 7t-74.77.Radamautlaust8.
1117 3670 1212 3720 20.45.

82 3750 135 3803 loci
152 3752 248 3819 buius,
268 3763 297 3806 ut
313 3754 405 3818 toties,
426 3772 480 3806 non
496 3754 621 3824 percepit.
671 3754 859 3806 tammam
873 3759 914 3806 50.
932 3753 1104 3806 Radatumtua
1120 3759 1159 3806 47.
1171 3756 1211 3804 49.

82 3853 111 3894 v.
125 3837 231 3890 Conana.
673 3837 724 3890 set
738 3838 787 3890 Gr.
801 3832 968 3906 Ραδάμανθυς
982 3835 1085 3888 dicitur.

119 3925 180 3972 ⁴89.
190 3919 284 3972 docem
293 3924 398 3974 40-43.
409 3923 516 3974 45-22.
525 3923 620 3974 2527.
707 3925 764 3974 200.
775 3921 834 3990 sore
846 3919 972 3990 qtaottdrtm
988 3922 1027 3972 46.
1040 3945 1073 3962 ·-
1082 3917 1153 3988 sorte
1164 3922 1210 3971 46.

82 4007 194 4057 45-50.
209 4005 317 4056 64-58.
332 4007 440 4056 60-63.
455 4009 567 4058 (ld-69.
582 4012 611 4057 74
704 4007 765 4057 tot.
782 4003 891 4055 detinere
903 4007 944 4056 24.

83 4093 158 4138 -74,
173 4096 199 4139 44
213 4105 303 4140 amnes
315 4105 397 4157 paene
409 4086 483 4140 codd.
497 4087 525 4140 P.
543 4087 619 4156 prob.
706 4091 765 4140 205.
790 4086 893 4140 Phoebo
905 4105 953 4156 pro
966 4087 1058 4157 templa
1082 4085 1151 4154 conj.
1171 4090 1212 4140 la·

82 4167 147 4224 ach.
158 4170 236 4238 (Rup.
251 4167 347 4240 vulgat.
363 4169 436 4222 docet
450 4171 584 4240 servavit.)
673 4171 734 4226 coba
747 4170 868 4224 adiuncta
882 4169 929 4223 hac
938 4189 1026 4223 causae
1046 4177 1064 4204 ‘⁴
1079 4173 1215 4240 Quacum·

118 4258 177 4306 493.
188 4266 260 4324 panas
274 4259 313 4306 46.
324 4261 365 4309 47.
374 4257 482 4308 tt-tt.
673 4272 723 4323 que
735 4254 836 4308 ratione
853 4253 932 4308 verba
945 4251 1015 4324 vulg.
1029 4251 1087 4307 lect.
1104 4255 1208 4324 iungas,

118 4341 177 4391 494.
194 4358 268 4392 caeco
282 4340 381 4392 verbere
391 4337 473 4408 pulsat
488 4345 529 4394 77,
669 4355 758 4394 seusus
771 4337 868 4391 exsistit
880 4347 924 4392 eut
935 4337 1037 4406 ineptus
1049 4347 1094 4390 aut
1105 4335 1209 4408 langui·

120 4425 177 4476 496.
190 4428 301 4491 quatiam
323 4429 363 4478 43.
386 4425 427 4475 244.
449 4425 491 4476 24.
510 4427 553 4480 22.
576 4425 618 4477 24.
670 4421 731 4474 dus:
746 4439 807 4474 natu
832 4429 875 4476 aut
899 4439 949 4474 vax
965 4421 1041 4490 adrti
1058 4421 1111 4488 (ex
1127 4421 1212 4491 adyto
