<?xml version="1.0" encoding="UTF-8"?>
<!DOCTYPE html PUBLIC "-//W3C//DTD XHTML 1.0 Transitional//EN"
    "http://www.w3.org/TR/xhtml1/DTD/xhtml1-transitional.dtd">
<html xmlns="http://www.w3.org/1999/xhtml" xml:lang="en" lang="en">
 <head>
  <title>
</title>
<meta http-equiv="Content-Type" content="text/html;charset=utf-8" />
  <meta name='ocr-system' content='tesseract 3.04.00' />
  <meta name='ocr-capabilities' content='ocr_page ocr_carea ocr_par ocr_line ocrx_word'/>
</head>
<body>
  <div class='ocr_page' id='page_1' title='image "./diuniiiuvenalis00persgoog_0404.png"; bbox 0 0 3078 5494; ppageno 0'>
   <div class='ocr_carea' id='block_1_1' title="bbox 308 331 404 425">
    <p class='ocr_par' dir='ltr' id='par_1_1' title="bbox 308 331 404 425">
     <span class='ocr_line' id='line_1_1' title="bbox 308 331 404 425; baseline -0.031 0"><span class='ocrx_word' id='word_1_1' title='bbox 308 331 404 425; x_wconf 78' lang='lat'><strong>256</strong></span> 
     </span>
    </p>
   </div>
   <div class='ocr_carea' id='block_1_2' title="bbox 761 364 986 428">
    <p class='ocr_par' dir='ltr' id='par_1_2' title="bbox 761 364 986 428">
     <span class='ocr_line' id='line_1_2' title="bbox 761 364 986 428; baseline 0.031 -7"><span class='ocrx_word' id='word_1_2' title='bbox 761 364 986 428; x_wconf 70' lang='lat' dir='ltr'><strong>tvvttttttts</strong></span> 
     </span>
    </p>
   </div>
   <div class='ocr_carea' id='block_1_3' title="bbox 302 560 1424 1826">
    <p class='ocr_par' dir='ltr' id='par_1_3' title="bbox 302 560 1358 781">
     <span class='ocr_line' id='line_1_3' title="bbox 302 560 1358 676; baseline 0.01 -37"><span class='ocrx_word' id='word_1_3' title='bbox 302 564 381 640; x_wconf 88' lang='lat' dir='ltr'><strong>Nec</strong></span> <span class='ocrx_word' id='word_1_4' title='bbox 399 561 467 638; x_wconf 87' lang='lat' dir='ltr'><strong>tibi</strong></span> <span class='ocrx_word' id='word_1_5' title='bbox 487 578 666 668; x_wconf 82' lang='lat' dir='ltr'><strong>parcetur</strong></span> <span class='ocrx_word' id='word_1_6' title='bbox 680 560 837 657; x_wconf 84' lang='lat' dir='ltr'><strong>misero,</strong></span> <span class='ocrx_word' id='word_1_7' title='bbox 855 565 1121 673; x_wconf 87' lang='lat' dir='ltr'><strong>trepidumque</strong></span> <span class='ocrx_word' id='word_1_8' title='bbox 1139 573 1358 676; x_wconf 82' lang='lat' dir='ltr'><strong>magistrum</strong></span> 
     </span>
     <span class='ocr_line' id='line_1_4' title="bbox 302 678 1201 781; baseline 0.007 -27"><span class='ocrx_word' id='word_1_9' title='bbox 302 681 348 754; x_wconf 90' lang='lat' dir='ltr'><strong>In</strong></span> <span class='ocrx_word' id='word_1_10' title='bbox 366 705 476 756; x_wconf 87' lang='lat' dir='ltr'><strong>cavea</strong></span> <span class='ocrx_word' id='word_1_11' title='bbox 494 705 628 781; x_wconf 82' lang='lat' dir='ltr'><strong>magno</strong></span> <span class='ocrx_word' id='word_1_12' title='bbox 643 678 796 755; x_wconf 84' lang='lat' dir='ltr'><strong>fremitu</strong></span> <span class='ocrx_word' id='word_1_13' title='bbox 811 679 872 758; x_wconf 89' lang='lat' dir='ltr'><strong>leo</strong></span> <span class='ocrx_word' id='word_1_14' title='bbox 893 682 1001 758; x_wconf 90' lang='lat' dir='ltr'><strong>tollet</strong></span> <span class='ocrx_word' id='word_1_15' title='bbox 1020 683 1201 762; x_wconf 87' lang='lat' dir='ltr'><strong>alumnus.</strong></span> 
     </span>
    </p>

    <p class='ocr_par' dir='ltr' id='par_1_4' title="bbox 303 795 1424 1714">
     <span class='ocr_line' id='line_1_5' title="bbox 354 795 1377 904; baseline 0.006 -32"><span class='ocrx_word' id='word_1_16' title='bbox 354 799 450 872; x_wconf 88' lang='lat' dir='ltr'><strong>Nota</strong></span> <span class='ocrx_word' id='word_1_17' title='bbox 469 795 733 872; x_wconf 77' lang='lat' dir='ltr'><strong>mathematicis</strong></span> <span class='ocrx_word' id='word_1_18' title='bbox 749 801 892 899; x_wconf 80' lang='lat' dir='ltr'>genesis</span> <span class='ocrx_word' id='word_1_19' title='bbox 918 815 1005 873; x_wconf 86' lang='lat' dir='ltr'><strong>tua:</strong></span> <span class='ocrx_word' id='word_1_20' title='bbox 1025 801 1091 875; x_wconf 89' lang='lat' dir='ltr'><strong>sed</strong></span> <span class='ocrx_word' id='word_1_21' title='bbox 1116 825 1228 904; x_wconf 82' lang='lat' dir='ltr'><strong>grave</strong></span> <span class='ocrx_word' id='word_1_22' title='bbox 1247 803 1377 880; x_wconf 85' lang='lat' dir='ltr'><strong>tardas</strong></span> 
     </span>
     <span class='ocr_line' id='line_1_6' title="bbox 304 908 1229 1015; baseline 0.004 -28"><span class='ocrx_word' id='word_1_23' title='bbox 304 915 538 1015; x_wconf 85' lang='lat' dir='ltr'><strong>Exspectare</strong></span> <span class='ocrx_word' id='word_1_24' title='bbox 557 908 678 984; x_wconf 91' lang='lat' dir='ltr'><strong>colus:</strong></span> <span class='ocrx_word' id='word_1_25' title='bbox 696 913 865 987; x_wconf 88' lang='lat' dir='ltr'><strong>morieris</strong></span> <span class='ocrx_word' id='word_1_26' title='bbox 883 917 1038 990; x_wconf 88' lang='lat' dir='ltr'><strong>stamine</strong></span> <span class='ocrx_word' id='word_1_27' title='bbox 1058 917 1229 991; x_wconf 90' lang='lat' dir='ltr'><strong>nondum</strong></span> 
     </span>
     <span class='ocr_line' id='line_1_7' title="bbox 304 1027 1220 1130; baseline 0.004 -28"><span class='ocrx_word' id='word_1_28' title='bbox 304 1027 487 1130; x_wconf 83' lang='lat' dir='ltr'><strong>Abrupto.</strong></span> <span class='ocrx_word' id='word_1_29' title='bbox 513 1029 591 1100; x_wconf 87' lang='lat' dir='ltr'><strong>Iam</strong></span> <span class='ocrx_word' id='word_1_30' title='bbox 609 1052 711 1100; x_wconf 91' lang='lat' dir='ltr'><strong>nunc</strong></span> <span class='ocrx_word' id='word_1_31' title='bbox 737 1027 860 1102; x_wconf 78' lang='lat' dir='ltr'><strong>obstas</strong></span> <span class='ocrx_word' id='word_1_32' title='bbox 881 1045 919 1102; x_wconf 91' lang='lat' dir='ltr'><strong>et</strong></span> <span class='ocrx_word' id='word_1_33' title='bbox 937 1047 1021 1106; x_wconf 86' lang='lat' dir='ltr'><strong>vota</strong></span> <span class='ocrx_word' id='word_1_34' title='bbox 1042 1035 1220 1106; x_wconf 88' lang='lat' dir='ltr'><strong>moraris:</strong></span> 
     </span>
     <span class='ocr_line' id='line_1_8' title="bbox 303 1136 1301 1246; baseline 0.005 -29"><span class='ocrx_word' id='word_1_35' title='bbox 303 1145 381 1217; x_wconf 89' lang='lat' dir='ltr'><strong>Iam</strong></span> <span class='ocrx_word' id='word_1_36' title='bbox 399 1159 553 1245; x_wconf 84' lang='lat' dir='ltr'><strong>torquet</strong></span> <span class='ocrx_word' id='word_1_37' title='bbox 569 1145 738 1216; x_wconf 90' lang='lat' dir='ltr'><strong>iuvenem</strong></span> <span class='ocrx_word' id='word_1_38' title='bbox 758 1136 872 1246; x_wconf 82' lang='lat' dir='ltr'><strong>longa</strong></span> <span class='ocrx_word' id='word_1_39' title='bbox 890 1161 929 1218; x_wconf 88' lang='lat' dir='ltr'><strong>et</strong></span> <span class='ocrx_word' id='word_1_40' title='bbox 948 1148 1098 1222; x_wconf 87' lang='lat' dir='ltr'><strong>cervina</strong></span> <span class='ocrx_word' id='word_1_41' title='bbox 1118 1165 1301 1222; x_wconf 82' lang='lat' dir='ltr'><strong>senectus.</strong></span> 
     </span>
     <span class='ocr_line' id='line_1_9' title="bbox 305 1258 1424 1364; baseline 0.007 -32"><span class='ocrx_word' id='word_1_42' title='bbox 305 1261 416 1334; x_wconf 91' lang='lat' dir='ltr'><strong>Ocius</strong></span> <span class='ocrx_word' id='word_1_43' title='bbox 426 1258 664 1360; x_wconf 83' lang='lat' dir='ltr'><strong>Archigenen</strong></span> <span class='ocrx_word' id='word_1_44' title='bbox 674 1283 828 1361; x_wconf 87' lang='lat' dir='ltr'><strong>quaere,</strong></span> <span class='ocrx_word' id='word_1_45' title='bbox 838 1277 952 1362; x_wconf 88' lang='lat' dir='ltr'><strong>atque</strong></span> <span class='ocrx_word' id='word_1_46' title='bbox 964 1287 1057 1352; x_wconf 88' lang='lat' dir='ltr'><strong>eme,</strong></span> <span class='ocrx_word' id='word_1_47' title='bbox 1068 1263 1424 1364; x_wconf 86' lang='lat' dir='ltr'><strong>quodMithridates</strong></span> 
     </span>
     <span class='ocr_line' id='line_1_10' title="bbox 305 1372 1148 1480; baseline 0.001 -30"><span class='ocrx_word' id='word_1_48' title='bbox 305 1376 546 1479; x_wconf 87' lang='lat' dir='ltr'><strong>Composuit,</strong></span> <span class='ocrx_word' id='word_1_49' title='bbox 561 1372 597 1448; x_wconf 75' lang='lat' dir='ltr'><strong>¹si</strong></span> <span class='ocrx_word' id='word_1_50' title='bbox 616 1377 669 1450; x_wconf 91' lang='lat' dir='ltr'><strong>vis</strong></span> <span class='ocrx_word' id='word_1_51' title='bbox 688 1373 1018 1480; x_wconf 82' lang='lat' dir='ltr'><strong>aliam&#39;decerpere</strong></span> <span class='ocrx_word' id='word_1_52' title='bbox 1037 1375 1148 1452; x_wconf 86' lang='lat' dir='ltr'><strong>ficum</strong></span> 
     </span>
     <span class='ocr_line' id='line_1_11' title="bbox 303 1490 1418 1594; baseline 0.004 -29"><span class='ocrx_word' id='word_1_53' title='bbox 303 1494 429 1594; x_wconf 79' lang='lat' dir='ltr'><strong>Atque</strong></span> <span class='ocrx_word' id='word_1_54' title='bbox 450 1490 540 1566; x_wconf 88' lang='lat' dir='ltr'><strong>alias</strong></span> <span class='ocrx_word' id='word_1_55' title='bbox 558 1507 720 1565; x_wconf 88' lang='lat' dir='ltr'><strong>tractare</strong></span> <span class='ocrx_word' id='word_1_56' title='bbox 740 1517 852 1566; x_wconf 83' lang='lat' dir='ltr'><strong>rosas.</strong></span> <span class='ocrx_word' id='word_1_57' title='bbox 870 1492 1104 1570; x_wconf 87' lang='lat' dir='ltr'><strong>Medicamen</strong></span> <span class='ocrx_word' id='word_1_58' title='bbox 1120 1493 1330 1570; x_wconf 89' lang='lat' dir='ltr'><strong>habendum</strong></span> <span class='ocrx_word' id='word_1_59' title='bbox 1344 1512 1418 1587; x_wconf 88' lang='lat' dir='ltr'><strong>est,</strong></span> 
     </span>
     <span class='ocr_line' id='line_1_12' title="bbox 305 1606 1413 1714; baseline 0.002 -32"><span class='ocrx_word' id='word_1_60' title='bbox 305 1606 467 1682; x_wconf 86' lang='lat' dir='ltr'><strong>Sorbere</strong></span> <span class='ocrx_word' id='word_1_61' title='bbox 487 1625 575 1682; x_wconf 89' lang='lat' dir='ltr'><strong>ante</strong></span> <span class='ocrx_word' id='word_1_62' title='bbox 591 1607 716 1682; x_wconf 87' lang='lat' dir='ltr'><strong>cibum</strong></span> <span class='ocrx_word' id='word_1_63' title='bbox 735 1607 836 1712; x_wconf 85' lang='lat' dir='ltr'><strong>quod</strong></span> <span class='ocrx_word' id='word_1_64' title='bbox 856 1607 991 1684; x_wconf 88' lang='lat' dir='ltr'><strong>debeat</strong></span> <span class='ocrx_word' id='word_1_65' title='bbox 1009 1628 1047 1686; x_wconf 89' lang='lat' dir='ltr'><strong>et</strong></span> <span class='ocrx_word' id='word_1_66' title='bbox 1065 1629 1173 1714; x_wconf 87' lang='lat' dir='ltr'><strong>pater</strong></span> <span class='ocrx_word' id='word_1_67' title='bbox 1191 1628 1230 1684; x_wconf 88' lang='lat' dir='ltr'><strong>et</strong></span> <span class='ocrx_word' id='word_1_68' title='bbox 1248 1637 1319 1684; x_wconf 82' lang='lat' dir='ltr'><strong>rex.</strong></span> <span class='ocrx_word' id='word_1_69' title='bbox 1359 1649 1413 1697; x_wconf 73' lang='lat'><strong>255</strong></span> 
     </span>
    </p>

    <p class='ocr_par' dir='ltr' id='par_1_5' title="bbox 359 1721 1396 1826">
     <span class='ocr_line' id='line_1_13' title="bbox 359 1721 1396 1826; baseline 0.004 -30"><span class='ocrx_word' id='word_1_70' title='bbox 359 1727 530 1798; x_wconf 88' lang='lat' dir='ltr'><strong>Monstro</strong></span> <span class='ocrx_word' id='word_1_71' title='bbox 551 1721 779 1826; x_wconf 86' lang='lat' dir='ltr'><strong>voluptatem</strong></span> <span class='ocrx_word' id='word_1_72' title='bbox 800 1728 1007 1826; x_wconf 80' lang='lat' dir='ltr'><strong>egregiam,</strong></span> <span class='ocrx_word' id='word_1_73' title='bbox 1028 1729 1087 1800; x_wconf 89' lang='lat' dir='ltr'><strong>cui</strong></span> <span class='ocrx_word' id='word_1_74' title='bbox 1108 1725 1214 1800; x_wconf 88' lang='lat' dir='ltr'><strong>nulla</strong></span> <span class='ocrx_word' id='word_1_75' title='bbox 1233 1727 1396 1819; x_wconf 84' lang='lat' dir='ltr'><strong>theatra,</strong></span> 
     </span>
    </p>
   </div>
   <div class='ocr_carea' id='block_1_4' title="bbox 1367 1071 1425 1120">
    <p class='ocr_par' dir='ltr' id='par_1_6' title="bbox 1367 1071 1425 1120">
     <span class='ocr_line' id='line_1_14' title="bbox 1367 1071 1425 1120; baseline 0 0"><span class='ocrx_word' id='word_1_76' title='bbox 1367 1071 1425 1120; x_wconf 80' lang='grc'><strong>254)</strong></span> 
     </span>
    </p>
   </div>
   <div class='ocr_carea' id='block_1_5' title="bbox 300 1837 1259 2159">
    <p class='ocr_par' dir='ltr' id='par_1_7' title="bbox 300 1837 1259 2159">
     <span class='ocr_line' id='line_1_15' title="bbox 300 1837 1236 1944; baseline 0.003 -31"><span class='ocrx_word' id='word_1_77' title='bbox 300 1837 417 1913; x_wconf 89' lang='lat' dir='ltr'><strong>Nulla</strong></span> <span class='ocrx_word' id='word_1_78' title='bbox 435 1864 597 1940; x_wconf 82' lang='lat' dir='ltr'><strong>aequare</strong></span> <span class='ocrx_word' id='word_1_79' title='bbox 617 1865 732 1939; x_wconf 86' lang='lat' dir='ltr'><strong>queas</strong></span> <span class='ocrx_word' id='word_1_80' title='bbox 750 1841 937 1913; x_wconf 89' lang='lat' dir='ltr'><strong>Praetoris</strong></span> <span class='ocrx_word' id='word_1_81' title='bbox 956 1840 1104 1944; x_wconf 91' lang='lat' dir='ltr'><strong>pulpita</strong></span> <span class='ocrx_word' id='word_1_82' title='bbox 1122 1837 1236 1931; x_wconf 82' lang='lat' dir='ltr'><strong>lauti,</strong></span> 
     </span>
     <span class='ocr_line' id='line_1_16' title="bbox 303 1955 1259 2058; baseline 0.003 -28"><span class='ocrx_word' id='word_1_83' title='bbox 303 1955 342 2030; x_wconf 80' lang='lat' dir='ltr'><strong>st</strong></span> <span class='ocrx_word' id='word_1_84' title='bbox 360 1971 524 2058; x_wconf 89' lang='lat' dir='ltr'><strong>spectes,</strong></span> <span class='ocrx_word' id='word_1_85' title='bbox 544 1973 686 2055; x_wconf 86' lang='lat' dir='ltr'><strong>quanto</strong></span> <span class='ocrx_word' id='word_1_86' title='bbox 706 1957 835 2058; x_wconf 88' lang='lat' dir='ltr'><strong>capitis</strong></span> <span class='ocrx_word' id='word_1_87' title='bbox 855 1955 1068 2031; x_wconf 83' lang='lat' dir='ltr'><strong>discrimine</strong></span> <span class='ocrx_word' id='word_1_88' title='bbox 1084 1973 1259 2033; x_wconf 79' lang='lat' dir='ltr'><strong>‘constent</strong></span> 
     </span>
     <span class='ocr_line' id='line_1_17' title="bbox 302 2069 1186 2159; baseline 0.005 -15"><span class='ocrx_word' id='word_1_89' title='bbox 302 2072 541 2144; x_wconf 81' lang='lat' dir='ltr'><strong>Incrementa</strong></span> <span class='ocrx_word' id='word_1_90' title='bbox 560 2069 713 2159; x_wconf 88' lang='lat' dir='ltr'><strong>domus,</strong></span> <span class='ocrx_word' id='word_1_91' title='bbox 732 2087 857 2143; x_wconf 85' lang='lat' dir='ltr'><strong>aerata</strong></span> <span class='ocrx_word' id='word_1_92' title='bbox 875 2069 1017 2147; x_wconf 89' lang='lat' dir='ltr'><strong>multus</strong></span> <span class='ocrx_word' id='word_1_93' title='bbox 1035 2074 1076 2145; x_wconf 89' lang='lat' dir='ltr'><strong>in</strong></span> <span class='ocrx_word' id='word_1_94' title='bbox 1094 2096 1186 2148; x_wconf 74' lang='lat' dir='ltr'><strong>arca</strong></span> 
     </span>
    </p>
   </div>
   <div class='ocr_carea' id='block_1_6' title="bbox 303 2180 1211 2286">
    <p class='ocr_par' dir='ltr' id='par_1_8' title="bbox 303 2180 1211 2286">
     <span class='ocr_line' id='line_1_18' title="bbox 303 2180 1211 2286; baseline 0.001 -29"><span class='ocrx_word' id='word_1_95' title='bbox 303 2181 429 2258; x_wconf 85' lang='lat' dir='ltr'><strong>Fiscus</strong></span> <span class='ocrx_word' id='word_1_96' title='bbox 449 2180 552 2257; x_wconf 88' lang='lat' dir='ltr'><strong>etad</strong></span> <span class='ocrx_word' id='word_1_97' title='bbox 569 2180 715 2284; x_wconf 81' lang='lat' dir='ltr'><strong>vigilem</strong></span> <span class='ocrx_word' id='word_1_98' title='bbox 733 2183 900 2286; x_wconf 86' lang='lat' dir='ltr'><strong>ponendi</strong></span> <span class='ocrx_word' id='word_1_99' title='bbox 919 2185 1070 2260; x_wconf 87' lang='lat' dir='ltr'><strong>Castora</strong></span> <span class='ocrx_word' id='word_1_100' title='bbox 1086 2187 1211 2276; x_wconf 90' lang='lat' dir='ltr'><strong>numi,</strong></span> 
     </span>
    </p>
   </div>
   <div class='ocr_carea' id='block_1_7' title="bbox 1328 2225 1423 2275">
    <p class='ocr_par' dir='ltr' id='par_1_9' title="bbox 1328 2225 1423 2275">
     <span class='ocr_line' id='line_1_19' title="bbox 1328 2225 1423 2275; baseline 0.042 -4"><span class='ocrx_word' id='word_1_101' title='bbox 1328 2245 1330 2250; x_wconf 95' lang='lat'>·</span> <span class='ocrx_word' id='word_1_102' title='bbox 1370 2225 1423 2275; x_wconf 79' lang='lat'><strong>260</strong></span> 
     </span>
    </p>
   </div>
   <div class='ocr_carea' id='block_1_8' title="bbox 298 2297 1357 2631">
    <p class='ocr_par' dir='ltr' id='par_1_10' title="bbox 298 2297 1357 2631">
     <span class='ocr_line' id='line_1_20' title="bbox 302 2297 1357 2406; baseline 0.005 -32"><span class='ocrx_word' id='word_1_103' title='bbox 302 2303 359 2376; x_wconf 86' lang='lat' dir='ltr'><strong>Ex</strong></span> <span class='ocrx_word' id='word_1_104' title='bbox 377 2325 457 2402; x_wconf 90' lang='lat' dir='ltr'><strong>quo</strong></span> <span class='ocrx_word' id='word_1_105' title='bbox 476 2301 576 2374; x_wconf 86' lang='lat' dir='ltr'><strong>Mars</strong></span> <span class='ocrx_word' id='word_1_106' title='bbox 594 2297 706 2373; x_wconf 88' lang='lat' dir='ltr'><strong>Vltor</strong></span> <span class='ocrx_word' id='word_1_107' title='bbox 725 2297 867 2400; x_wconf 85' lang='lat' dir='ltr'><strong>galeam</strong></span> <span class='ocrx_word' id='word_1_108' title='bbox 886 2328 1040 2404; x_wconf 90' lang='lat' dir='ltr'><strong>quoque</strong></span> <span class='ocrx_word' id='word_1_109' title='bbox 1058 2301 1224 2406; x_wconf 87' lang='lat' dir='ltr'><strong>perdidit</strong></span> <span class='ocrx_word' id='word_1_110' title='bbox 1239 2320 1278 2378; x_wconf 90' lang='lat' dir='ltr'><strong>et</strong></span> <span class='ocrx_word' id='word_1_111' title='bbox 1290 2329 1357 2379; x_wconf 84' lang='lat' dir='ltr'><strong>res</strong></span> 
     </span>
     <span class='ocr_line' id='line_1_21' title="bbox 298 2413 1233 2517; baseline 0 -27"><span class='ocrx_word' id='word_1_112' title='bbox 298 2417 388 2490; x_wconf 89' lang='lat' dir='ltr'><strong>-Non</strong></span> <span class='ocrx_word' id='word_1_113' title='bbox 408 2414 531 2517; x_wconf 87' lang='lat' dir='ltr'><strong>potuit</strong></span> <span class='ocrx_word' id='word_1_114' title='bbox 548 2439 696 2490; x_wconf 85' lang='lat' dir='ltr'><strong>servare</strong></span> <span class='ocrx_word' id='word_1_115' title='bbox 716 2438 809 2488; x_wconf 84' lang='lat' dir='ltr'><strong>suas.</strong></span> <span class='ocrx_word' id='word_1_116' title='bbox 836 2417 938 2517; x_wconf 81' lang='lat' dir='ltr'><strong>Ergo</strong></span> <span class='ocrx_word' id='word_1_117' title='bbox 957 2418 1081 2491; x_wconf 86' lang='lat' dir='ltr'><strong>omnia</strong></span> <span class='ocrx_word' id='word_1_118' title='bbox 1100 2413 1233 2490; x_wconf 86' lang='lat' dir='ltr'><strong>Florae</strong></span> 
     </span>
     <span class='ocr_line' id='line_1_22' title="bbox 302 2524 1210 2631; baseline 0 -29"><span class='ocrx_word' id='word_1_119' title='bbox 302 2529 353 2602; x_wconf 88' lang='lat' dir='ltr'><strong>Et</strong></span> <span class='ocrx_word' id='word_1_120' title='bbox 369 2527 515 2602; x_wconf 86' lang='lat' dir='ltr'><strong>Cereris</strong></span> <span class='ocrx_word' id='word_1_121' title='bbox 533 2524 623 2601; x_wconf 91' lang='lat' dir='ltr'><strong>licet</strong></span> <span class='ocrx_word' id='word_1_122' title='bbox 641 2545 679 2602; x_wconf 89' lang='lat' dir='ltr'><strong>ct</strong></span> <span class='ocrx_word' id='word_1_123' title='bbox 696 2526 840 2623; x_wconf 81' lang='lat' dir='ltr'><strong>Cibales</strong></span> <span class='ocrx_word' id='word_1_124' title='bbox 858 2527 987 2606; x_wconf 84' lang='lat' dir='ltr'><strong>aulaea</strong></span> <span class='ocrx_word' id='word_1_125' title='bbox 1005 2527 1210 2631; x_wconf 85' lang='lat' dir='ltr'><strong>relinquas:</strong></span> 
     </span>
    </p>
   </div>
   <div class='ocr_carea' id='block_1_9' title="bbox 304 2795 836 4424">
    <p class='ocr_par' dir='ltr' id='par_1_11' title="bbox 306 2795 784 2847">
     <span class='ocr_line' id='line_1_23' title="bbox 306 2795 784 2847; baseline 0.004 -3"><span class='ocrx_word' id='word_1_126' title='bbox 306 2795 348 2846; x_wconf 88' lang='grc'><strong>25.</strong></span> <span class='ocrx_word' id='word_1_127' title='bbox 357 2796 463 2846; x_wconf 74' lang='grc'><strong>45-444</strong></span> <span class='ocrx_word' id='word_1_128' title='bbox 474 2795 515 2844; x_wconf 84' lang='grc'><strong>54.</strong></span> <span class='ocrx_word' id='word_1_129' title='bbox 525 2797 564 2846; x_wconf 86' lang='grc'><strong>55.</strong></span> <span class='ocrx_word' id='word_1_130' title='bbox 574 2795 682 2847; x_wconf 80' lang='grc'><strong>57-60.</strong></span> <span class='ocrx_word' id='word_1_131' title='bbox 695 2799 737 2847; x_wconf 81' lang='grc'><strong>64.</strong></span> <span class='ocrx_word' id='word_1_132' title='bbox 745 2799 784 2846; x_wconf 86' lang='grc'><strong>65.</strong></span> 
     </span>
    </p>

    <p class='ocr_par' dir='ltr' id='par_1_12' title="bbox 338 2880 735 2932">
     <span class='ocr_line' id='line_1_24' title="bbox 338 2880 735 2932; baseline 0.005 -4"><span class='ocrx_word' id='word_1_133' title='bbox 338 2880 397 2928; x_wconf 89' lang='grc'><strong>247.</strong></span> <span class='ocrx_word' id='word_1_134' title='bbox 410 2895 512 2930; x_wconf 71' lang='lat' dir='ltr'><strong>meam</strong></span> <span class='ocrx_word' id='word_1_135' title='bbox 529 2880 635 2931; x_wconf 86' lang='grc'><strong>45-244.</strong></span> <span class='ocrx_word' id='word_1_136' title='bbox 644 2882 684 2930; x_wconf 90' lang='grc'><strong>22.</strong></span> <span class='ocrx_word' id='word_1_137' title='bbox 694 2883 735 2932; x_wconf 89' lang='grc'><strong>24.</strong></span> 
     </span>
    </p>

    <p class='ocr_par' dir='ltr' id='par_1_13' title="bbox 339 2961 602 3030">
     <span class='ocr_line' id='line_1_25' title="bbox 339 2961 602 3030; baseline 0.004 -19"><span class='ocrx_word' id='word_1_138' title='bbox 339 2961 399 3013; x_wconf 85' lang='grc'><strong>248.</strong></span> <span class='ocrx_word' id='word_1_139' title='bbox 416 2978 460 3012; x_wconf 80' lang='lat' dir='ltr'><strong>nec</strong></span> <span class='ocrx_word' id='word_1_140' title='bbox 473 2977 549 3030; x_wconf 73' lang='lat' dir='ltr'><strong>grave</strong></span> <span class='ocrx_word' id='word_1_141' title='bbox 561 2964 602 3012; x_wconf 92' lang='grc'><strong>24.</strong></span> 
     </span>
    </p>

    <p class='ocr_par' dir='ltr' id='par_1_14' title="bbox 305 3043 836 3262">
     <span class='ocr_line' id='line_1_26' title="bbox 338 3043 835 3096; baseline 0.004 -2"><span class='ocrx_word' id='word_1_142' title='bbox 338 3046 398 3096; x_wconf 86' lang='grc'><strong>249.</strong></span> <span class='ocrx_word' id='word_1_143' title='bbox 410 3043 631 3094; x_wconf 66' lang='lat' dir='ltr'><strong>vetustata-2⁴</strong></span> <span class='ocrx_word' id='word_1_144' title='bbox 646 3059 662 3092; x_wconf 80' lang='grc'><strong>6</strong></span> <span class='ocrx_word' id='word_1_145' title='bbox 673 3061 711 3094; x_wconf 89' lang='lat' dir='ltr'><strong>m.</strong></span> <span class='ocrx_word' id='word_1_146' title='bbox 724 3059 777 3094; x_wconf 82' lang='lat' dir='ltr'><strong>sec.</strong></span> <span class='ocrx_word' id='word_1_147' title='bbox 791 3045 835 3096; x_wconf 89' lang='grc'><strong>22.</strong></span> 
     </span>
     <span class='ocr_line' id='line_1_27' title="bbox 305 3129 836 3179; baseline -0.004 -1"><span class='ocrx_word' id='word_1_148' title='bbox 305 3129 629 3179; x_wconf 82' lang='grc'><strong>23.24.46-50.54-57.</strong></span> <span class='ocrx_word' id='word_1_149' title='bbox 645 3129 684 3178; x_wconf 81' lang='grc'><strong>59.</strong></span> <span class='ocrx_word' id='word_1_150' title='bbox 695 3130 736 3179; x_wconf 86' lang='grc'><strong>60.</strong></span> <span class='ocrx_word' id='word_1_151' title='bbox 745 3129 836 3179; x_wconf 66' lang='lat' dir='ltr'><strong>suut.</strong></span> 
     </span>
     <span class='ocr_line' id='line_1_28' title="bbox 306 3196 616 3262; baseline -0.006 -1"><span class='ocrx_word' id='word_1_152' title='bbox 306 3213 569 3262; x_wconf 71' lang='lat' dir='ltr'><strong>assason-rt.</strong></span> <span class='ocrx_word' id='word_1_153' title='bbox 611 3196 616 3209; x_wconf 95' lang='lat'>&#39;</span> 
     </span>
    </p>

    <p class='ocr_par' dir='ltr' id='par_1_15' title="bbox 305 3291 836 3446">
     <span class='ocr_line' id='line_1_29' title="bbox 340 3291 836 3362; baseline 0.002 -20"><span class='ocrx_word' id='word_1_154' title='bbox 340 3295 397 3346; x_wconf 88' lang='grc'><strong>252.</strong></span> <span class='ocrx_word' id='word_1_155' title='bbox 414 3291 583 3362; x_wconf 74' lang='lat' dir='ltr'><strong>Arebygcuerr</strong></span> <span class='ocrx_word' id='word_1_156' title='bbox 601 3297 693 3345; x_wconf 87' lang='grc'><strong>47.49.</strong></span> <span class='ocrx_word' id='word_1_157' title='bbox 710 3292 766 3360; x_wconf 78' lang='lat' dir='ltr'><strong>Ego</strong></span> <span class='ocrx_word' id='word_1_158' title='bbox 784 3291 836 3344; x_wconf 84' lang='lat' dir='ltr'><strong>Ar·</strong></span> 
     </span>
     <span class='ocr_line' id='line_1_30' title="bbox 305 3373 775 3446; baseline -0.004 -18"><span class='ocrx_word' id='word_1_159' title='bbox 305 3375 424 3446; x_wconf 71' lang='lat' dir='ltr'><strong>eligense</strong></span> <span class='ocrx_word' id='word_1_160' title='bbox 437 3393 484 3445; x_wconf 83' lang='lat' dir='ltr'><strong>pro</strong></span> <span class='ocrx_word' id='word_1_161' title='bbox 495 3375 664 3444; x_wconf 68' lang='lat' dir='ltr'><strong>Arettgeaam</strong></span> <span class='ocrx_word' id='word_1_162' title='bbox 676 3373 775 3444; x_wconf 78' lang='lat' dir='ltr'><strong>scripsi.</strong></span> 
     </span>
    </p>

    <p class='ocr_par' dir='ltr' id='par_1_16' title="bbox 339 3457 594 3528">
     <span class='ocr_line' id='line_1_31' title="bbox 339 3457 594 3528; baseline -0.012 -16"><span class='ocrx_word' id='word_1_163' title='bbox 339 3465 399 3513; x_wconf 83' lang='grc'><strong>243.</strong></span> <span class='ocrx_word' id='word_1_164' title='bbox 418 3457 541 3528; x_wconf 75' lang='lat' dir='ltr'><strong>Opponrit</strong></span> <span class='ocrx_word' id='word_1_165' title='bbox 552 3462 594 3510; x_wconf 85' lang='grc'><strong>22.</strong></span> 
     </span>
    </p>

    <p class='ocr_par' dir='ltr' id='par_1_17' title="bbox 304 3546 835 3680">
     <span class='ocr_line' id='line_1_32' title="bbox 338 3546 835 3612; baseline -0.006 -16"><span class='ocrx_word' id='word_1_166' title='bbox 338 3548 397 3596; x_wconf 89' lang='grc'><strong>254.</strong></span> <span class='ocrx_word' id='word_1_167' title='bbox 409 3554 483 3612; x_wconf 72' lang='lat' dir='ltr'><strong>togas</strong></span> <span class='ocrx_word' id='word_1_168' title='bbox 495 3559 540 3611; x_wconf 87' lang='lat' dir='ltr'><strong>pro</strong></span> <span class='ocrx_word' id='word_1_169' title='bbox 556 3559 625 3594; x_wconf 78' lang='grc'><strong>46664</strong></span> <span class='ocrx_word' id='word_1_170' title='bbox 641 3546 723 3593; x_wconf 86' lang='grc'><strong>46.-</strong></span> <span class='ocrx_word' id='word_1_171' title='bbox 735 3553 770 3593; x_wconf 78' lang='lat' dir='ltr'><strong>cst</strong></span> <span class='ocrx_word' id='word_1_172' title='bbox 782 3558 835 3596; x_wconf 85' lang='lat' dir='ltr'><strong>non</strong></span> 
     </span>
     <span class='ocr_line' id='line_1_33' title="bbox 304 3625 536 3680; baseline -0.004 -1"><span class='ocrx_word' id='word_1_173' title='bbox 304 3635 385 3680; x_wconf 75' lang='lat' dir='ltr'><strong>exstat</strong></span> <span class='ocrx_word' id='word_1_174' title='bbox 401 3625 429 3676; x_wconf 89' lang='lat' dir='ltr'><strong>in</strong></span> <span class='ocrx_word' id='word_1_175' title='bbox 444 3633 482 3680; x_wconf 90' lang='grc'><strong>47.</strong></span> <span class='ocrx_word' id='word_1_176' title='bbox 495 3629 536 3679; x_wconf 83' lang='grc'><strong>46.</strong></span> 
     </span>
    </p>

    <p class='ocr_par' dir='ltr' id='par_1_18' title="bbox 305 3709 835 3942">
     <span class='ocr_line' id='line_1_34' title="bbox 339 3709 835 3774; baseline -0.008 -16"><span class='ocrx_word' id='word_1_177' title='bbox 339 3711 398 3760; x_wconf 88' lang='grc'><strong>255.</strong></span> <span class='ocrx_word' id='word_1_178' title='bbox 413 3709 696 3774; x_wconf 74' lang='lat' dir='ltr'><strong>cutpntcroutrezto.</strong></span> <span class='ocrx_word' id='word_1_179' title='bbox 712 3712 754 3757; x_wconf 93' lang='grc'><strong>44.</strong></span> <span class='ocrx_word' id='word_1_180' title='bbox 769 3710 835 3754; x_wconf 60' lang='grc'><strong>44-</strong></span> 
     </span>
     <span class='ocr_line' id='line_1_35' title="bbox 305 3779 835 3844; baseline -0.004 0"><span class='ocrx_word' id='word_1_181' title='bbox 305 3793 347 3844; x_wconf 85' lang='grc'><strong>46.</strong></span> <span class='ocrx_word' id='word_1_182' title='bbox 362 3793 471 3844; x_wconf 84' lang='grc'><strong>44-44.</strong></span> <span class='ocrx_word' id='word_1_183' title='bbox 484 3793 593 3842; x_wconf 74' lang='grc'><strong>44-66.</strong></span> <span class='ocrx_word' id='word_1_184' title='bbox 606 3779 714 3841; x_wconf 79' lang='lat' dir='ltr'><strong>st-sa&#39;.</strong></span> <span class='ocrx_word' id='word_1_185' title='bbox 728 3783 835 3842; x_wconf 83' lang='grc'><strong>44-44.</strong></span> 
     </span>
     <span class='ocr_line' id='line_1_36' title="bbox 305 3867 785 3942; baseline -0.006 -19"><span class='ocrx_word' id='word_1_186' title='bbox 305 3871 424 3942; x_wconf 82' lang='lat' dir='ltr'><strong>plerique</strong></span> <span class='ocrx_word' id='word_1_187' title='bbox 436 3867 510 3922; x_wconf 88' lang='lat' dir='ltr'><strong>codd.</strong></span> <span class='ocrx_word' id='word_1_188' title='bbox 525 3869 603 3922; x_wconf 80' lang='lat' dir='ltr'><strong>Paris.</strong></span> <span class='ocrx_word' id='word_1_189' title='bbox 621 3878 646 3920; x_wconf 87' lang='lat' dir='ltr'><strong>et</strong></span> <span class='ocrx_word' id='word_1_190' title='bbox 664 3867 704 3921; x_wconf 88' lang='lat' dir='ltr'><strong>ed.</strong></span> <span class='ocrx_word' id='word_1_191' title='bbox 721 3867 785 3920; x_wconf 80' lang='grc'><strong>4644.</strong></span> 
     </span>
    </p>

    <p class='ocr_par' dir='ltr' id='par_1_19' title="bbox 304 3953 836 4174">
     <span class='ocr_line' id='line_1_37' title="bbox 339 3953 836 4022; baseline -0.004 -17"><span class='ocrx_word' id='word_1_192' title='bbox 339 3957 397 4006; x_wconf 84' lang='lat'><strong>258.</strong></span> <span class='ocrx_word' id='word_1_193' title='bbox 414 3963 507 4022; x_wconf 62' lang='lat' dir='ltr'><strong>spatas</strong></span> <span class='ocrx_word' id='word_1_194' title='bbox 522 3957 561 4005; x_wconf 83' lang='grc'><strong>46.</strong></span> <span class='ocrx_word' id='word_1_195' title='bbox 576 3953 836 4004; x_wconf 55' lang='lat' dir='ltr'><strong>estserae-50.</strong></span> 
     </span>
     <span class='ocr_line' id='line_1_38' title="bbox 304 4039 836 4091; baseline -0.006 -2"><span class='ocrx_word' id='word_1_196' title='bbox 304 4041 411 4090; x_wconf 83' lang='grc'><strong>54-69.</strong></span> <span class='ocrx_word' id='word_1_197' title='bbox 430 4041 580 4091; x_wconf 88' lang='grc'><strong>74-74.-</strong></span> <span class='ocrx_word' id='word_1_198' title='bbox 599 4045 712 4087; x_wconf 76' lang='lat' dir='ltr'><strong>constant</strong></span> <span class='ocrx_word' id='word_1_199' title='bbox 730 4039 771 4088; x_wconf 88' lang='grc'><strong>24.</strong></span> <span class='ocrx_word' id='word_1_200' title='bbox 794 4040 836 4086; x_wconf 82' lang='grc'><strong>25.</strong></span> 
     </span>
     <span class='ocr_line' id='line_1_39' title="bbox 304 4115 790 4174; baseline 0.004 -5"><span class='ocrx_word' id='word_1_201' title='bbox 304 4121 347 4172; x_wconf 87' lang='grc'><strong>27.</strong></span> <span class='ocrx_word' id='word_1_202' title='bbox 364 4122 591 4174; x_wconf 85' lang='grc'><strong>46-50.54-69.</strong></span> <span class='ocrx_word' id='word_1_203' title='bbox 606 4124 718 4172; x_wconf 84' lang='grc'><strong>74-74,</strong></span> <span class='ocrx_word' id='word_1_204' title='bbox 786 4115 790 4124; x_wconf 85' lang='grc'><strong>“</strong></span> 
     </span>
    </p>

    <p class='ocr_par' dir='ltr' id='par_1_20' title="bbox 338 4201 677 4256">
     <span class='ocr_line' id='line_1_40' title="bbox 338 4201 677 4256; baseline 0 -2"><span class='ocrx_word' id='word_1_205' title='bbox 338 4206 398 4256; x_wconf 89' lang='grc'><strong>265.</strong></span> <span class='ocrx_word' id='word_1_206' title='bbox 412 4201 474 4256; x_wconf 81' lang='lat' dir='ltr'><strong>Non</strong></span> <span class='ocrx_word' id='word_1_207' title='bbox 488 4209 513 4254; x_wconf 84' lang='grc'><strong>64</strong></span> <span class='ocrx_word' id='word_1_208' title='bbox 526 4208 620 4255; x_wconf 75' lang='lat' dir='ltr'><strong>iactare</strong></span> <span class='ocrx_word' id='word_1_209' title='bbox 636 4207 677 4254; x_wconf 90' lang='grc'><strong>42.</strong></span> 
     </span>
    </p>

    <p class='ocr_par' dir='ltr' id='par_1_21' title="bbox 306 4287 836 4424">
     <span class='ocr_line' id='line_1_41' title="bbox 338 4287 836 4342; baseline 0 -5"><span class='ocrx_word' id='word_1_210' title='bbox 338 4288 397 4340; x_wconf 83' lang='grc'><strong>266.</strong></span> <span class='ocrx_word' id='word_1_211' title='bbox 411 4287 490 4340; x_wconf 76' lang='lat' dir='ltr'><strong>solem</strong></span> <span class='ocrx_word' id='word_1_212' title='bbox 504 4289 545 4342; x_wconf 86' lang='grc'><strong>27.</strong></span> <span class='ocrx_word' id='word_1_213' title='bbox 560 4291 602 4341; x_wconf 88' lang='grc'><strong>47.</strong></span> <span class='ocrx_word' id='word_1_214' title='bbox 616 4291 655 4341; x_wconf 93' lang='grc'><strong>54.</strong></span> <span class='ocrx_word' id='word_1_215' title='bbox 673 4291 715 4339; x_wconf 88' lang='grc'><strong>64.</strong></span> <span class='ocrx_word' id='word_1_216' title='bbox 738 4292 780 4340; x_wconf 84' lang='grc'><strong>63.</strong></span> <span class='ocrx_word' id='word_1_217' title='bbox 796 4291 836 4338; x_wconf 90' lang='grc'><strong>64.</strong></span> 
     </span>
     <span class='ocr_line' id='line_1_42' title="bbox 306 4374 349 4424; baseline 0.047 -3"><span class='ocrx_word' id='word_1_218' title='bbox 306 4374 349 4424; x_wconf 92' lang='grc'><strong>74.</strong></span> 
     </span>
    </p>
   </div>
   <div class='ocr_carea' id='block_1_10' title="bbox 918 2794 1418 2868">
    <p class='ocr_par' dir='ltr' id='par_1_22' title="bbox 918 2794 1418 2868">
     <span class='ocr_line' id='line_1_43' title="bbox 918 2794 1418 2868; baseline -0.004 -21"><span class='ocrx_word' id='word_1_219' title='bbox 918 2800 976 2850; x_wconf 88' lang='grc'><strong>267.</strong></span> <span class='ocrx_word' id='word_1_220' title='bbox 992 2797 1116 2865; x_wconf 70' lang='lat' dir='ltr'><strong>Quacum</strong></span> <span class='ocrx_word' id='word_1_221' title='bbox 1131 2799 1247 2850; x_wconf 81' lang='lat' dir='ltr'><strong>t6.···in</strong></span> <span class='ocrx_word' id='word_1_222' title='bbox 1260 2802 1321 2846; x_wconf 80' lang='lat' dir='ltr'><strong>ante</strong></span> <span class='ocrx_word' id='word_1_223' title='bbox 1332 2794 1418 2868; x_wconf 69' lang='lat' dir='ltr'><strong>Cory·</strong></span> 
     </span>
    </p>
   </div>
   <div class='ocr_carea' id='block_1_11' title="bbox 885 2877 1422 3180">
    <p class='ocr_par' dir='ltr' id='par_1_23' title="bbox 885 2877 1422 3180">
     <span class='ocr_line' id='line_1_44' title="bbox 885 2877 1416 2932; baseline 0.002 -3"><span class='ocrx_word' id='word_1_224' title='bbox 885 2883 925 2930; x_wconf 82' lang='lat' dir='ltr'><strong>eia</strong></span> <span class='ocrx_word' id='word_1_225' title='bbox 941 2897 994 2930; x_wconf 86' lang='lat' dir='ltr'><strong>non</strong></span> <span class='ocrx_word' id='word_1_226' title='bbox 1012 2879 1078 2931; x_wconf 86' lang='lat' dir='ltr'><strong>male</strong></span> <span class='ocrx_word' id='word_1_227' title='bbox 1089 2877 1210 2932; x_wconf 80' lang='lat' dir='ltr'><strong>inseritur</strong></span> <span class='ocrx_word' id='word_1_228' title='bbox 1222 2878 1249 2930; x_wconf 89' lang='lat' dir='ltr'><strong>in</strong></span> <span class='ocrx_word' id='word_1_229' title='bbox 1264 2883 1304 2930; x_wconf 86' lang='grc'><strong>40.</strong></span> <span class='ocrx_word' id='word_1_230' title='bbox 1322 2886 1363 2931; x_wconf 90' lang='grc'><strong>47.</strong></span> <span class='ocrx_word' id='word_1_231' title='bbox 1374 2877 1416 2930; x_wconf 79' lang='grc'><strong>49.</strong></span> 
     </span>
     <span class='ocr_line' id='line_1_45' title="bbox 885 2957 1420 3032; baseline 0 -20"><span class='ocrx_word' id='word_1_232' title='bbox 885 2964 927 3014; x_wconf 78' lang='grc'><strong>22.</strong></span> <span class='ocrx_word' id='word_1_233' title='bbox 945 2967 986 3014; x_wconf 89' lang='grc'><strong>24.</strong></span> <span class='ocrx_word' id='word_1_234' title='bbox 1001 2961 1041 3014; x_wconf 84' lang='lat' dir='ltr'><strong>vel</strong></span> <span class='ocrx_word' id='word_1_235' title='bbox 1054 2972 1113 3014; x_wconf 80' lang='lat' dir='ltr'><strong>aute</strong></span> <span class='ocrx_word' id='word_1_236' title='bbox 1124 2979 1205 3032; x_wconf 79' lang='lat' dir='ltr'><strong>puppe</strong></span> <span class='ocrx_word' id='word_1_237' title='bbox 1221 2963 1249 3014; x_wconf 87' lang='lat' dir='ltr'><strong>in</strong></span> <span class='ocrx_word' id='word_1_238' title='bbox 1263 2965 1348 3012; x_wconf 69' lang='grc'><strong>45-</strong></span> <span class='ocrx_word' id='word_1_239' title='bbox 1363 2957 1420 3012; x_wconf 81' lang='grc'><strong>06-</strong></span> 
     </span>
     <span class='ocr_line' id='line_1_46' title="bbox 886 3041 1421 3099; baseline -0.004 -3"><span class='ocrx_word' id='word_1_240' title='bbox 886 3047 949 3096; x_wconf 85' lang='grc' dir='ltr'><strong>4·ἰ64’6</strong></span> <span class='ocrx_word' id='word_1_241' title='bbox 962 3049 1001 3096; x_wconf 85' lang='grc'><strong>46.</strong></span> <span class='ocrx_word' id='word_1_242' title='bbox 1025 3051 1065 3099; x_wconf 94' lang='grc'><strong>47.</strong></span> <span class='ocrx_word' id='word_1_243' title='bbox 1083 3051 1121 3099; x_wconf 87' lang='grc'><strong>49.</strong></span> <span class='ocrx_word' id='word_1_244' title='bbox 1137 3051 1179 3098; x_wconf 78' lang='grc'><strong>25.</strong></span> <span class='ocrx_word' id='word_1_245' title='bbox 1197 3048 1239 3096; x_wconf 89' lang='grc'><strong>24.</strong></span> <span class='ocrx_word' id='word_1_246' title='bbox 1258 3047 1300 3096; x_wconf 86' lang='grc'><strong>46.</strong></span> <span class='ocrx_word' id='word_1_247' title='bbox 1319 3041 1421 3096; x_wconf 76' lang='lat' dir='ltr'><strong>Carina</strong></span> 
     </span>
     <span class='ocr_line' id='line_1_47' title="bbox 886 3123 1422 3180; baseline -0.002 -2"><span class='ocrx_word' id='word_1_248' title='bbox 886 3133 928 3180; x_wconf 88' lang='grc'><strong>47.</strong></span> <span class='ocrx_word' id='word_1_249' title='bbox 941 3132 981 3180; x_wconf 86' lang='grc'><strong>48.</strong></span> <span class='ocrx_word' id='word_1_250' title='bbox 999 3131 1040 3180; x_wconf 83' lang='grc'><strong>50.</strong></span> <span class='ocrx_word' id='word_1_251' title='bbox 1057 3133 1098 3180; x_wconf 87' lang='grc'><strong>64.</strong></span> <span class='ocrx_word' id='word_1_252' title='bbox 1121 3125 1233 3180; x_wconf 72' lang='grc'><strong>0644444444</strong></span> <span class='ocrx_word' id='word_1_253' title='bbox 1250 3131 1290 3178; x_wconf 88' lang='grc'><strong>24.</strong></span> <span class='ocrx_word' id='word_1_254' title='bbox 1304 3131 1348 3178; x_wconf 82' lang='grc'><strong>45.</strong></span> <span class='ocrx_word' id='word_1_255' title='bbox 1371 3123 1422 3177; x_wconf 82' lang='lat' dir='ltr'><strong>Co-</strong></span> 
     </span>
    </p>
   </div>
   <div class='ocr_carea' id='block_1_12' title="bbox 885 3211 1423 4438">
    <p class='ocr_par' dir='ltr' id='par_1_24' title="bbox 887 3211 1332 3280">
     <span class='ocr_line' id='line_1_48' title="bbox 887 3211 1332 3280; baseline -0.007 -18"><span class='ocrx_word' id='word_1_256' title='bbox 887 3211 980 3262; x_wconf 78' lang='lat' dir='ltr'><strong>rinthia</strong></span> <span class='ocrx_word' id='word_1_257' title='bbox 995 3215 1078 3262; x_wconf 90' lang='grc'><strong>22.-</strong></span> <span class='ocrx_word' id='word_1_258' title='bbox 1089 3229 1147 3280; x_wconf 79' lang='lat' dir='ltr'><strong>rupe</strong></span> <span class='ocrx_word' id='word_1_259' title='bbox 1160 3215 1189 3262; x_wconf 89' lang='grc'><strong>24</strong></span> <span class='ocrx_word' id='word_1_260' title='bbox 1210 3225 1332 3262; x_wconf 55' lang='lat' dir='ltr'><strong>amare.</strong></span> 
     </span>
    </p>

    <p class='ocr_par' dir='ltr' id='par_1_25' title="bbox 885 3293 1423 4252">
     <span class='ocr_line' id='line_1_49' title="bbox 920 3293 1421 3344; baseline -0.012 0"><span class='ocrx_word' id='word_1_261' title='bbox 920 3297 979 3344; x_wconf 88' lang='grc'><strong>269.</strong></span> <span class='ocrx_word' id='word_1_262' title='bbox 993 3311 1023 3344; x_wconf 84' lang='lat' dir='ltr'><strong>ac</strong></span> <span class='ocrx_word' id='word_1_263' title='bbox 1036 3293 1096 3342; x_wconf 80' lang='lat' dir='ltr'><strong>vilis</strong></span> <span class='ocrx_word' id='word_1_264' title='bbox 1112 3295 1170 3342; x_wconf 83' lang='lat' dir='ltr'><strong>t.2.</strong></span> <span class='ocrx_word' id='word_1_265' title='bbox 1181 3297 1220 3342; x_wconf 88' lang='grc'><strong>44.</strong></span> <span class='ocrx_word' id='word_1_266' title='bbox 1230 3296 1271 3342; x_wconf 90' lang='grc'><strong>48.</strong></span> <span class='ocrx_word' id='word_1_267' title='bbox 1280 3295 1322 3342; x_wconf 88' lang='grc'><strong>56.</strong></span> <span class='ocrx_word' id='word_1_268' title='bbox 1335 3295 1421 3342; x_wconf 71' lang='lat' dir='ltr'><strong>tuta</strong></span> 
     </span>
     <span class='ocr_line' id='line_1_50' title="bbox 886 3370 1422 3437; baseline -0.017 -8"><span class='ocrx_word' id='word_1_269' title='bbox 886 3381 962 3428; x_wconf 82' lang='lat'><strong>-77.</strong></span> <span class='ocrx_word' id='word_1_270' title='bbox 986 3379 1027 3428; x_wconf 85' lang='grc'><strong>82.</strong></span> <span class='ocrx_word' id='word_1_271' title='bbox 1052 3373 1184 3437; x_wconf 66' lang='lat' dir='ltr'><strong>Persius,</strong></span> <span class='ocrx_word' id='word_1_272' title='bbox 1206 3393 1223 3424; x_wconf 88' lang='grc' dir='ltr'><em>α</em></span> <span class='ocrx_word' id='word_1_273' title='bbox 1242 3370 1334 3426; x_wconf 78' lang='lat' dir='ltr'><strong>Siculis</strong></span> <span class='ocrx_word' id='word_1_274' title='bbox 1352 3373 1422 3423; x_wconf 77' lang='lat' dir='ltr'><strong>sacci</strong></span> 
     </span>
     <span class='ocr_line' id='line_1_51' title="bbox 887 3451 1422 3524; baseline 0 -18"><span class='ocrx_word' id='word_1_275' title='bbox 887 3468 1007 3508; x_wconf 81' lang='grc'><strong>4446466464</strong></span> <span class='ocrx_word' id='word_1_276' title='bbox 1023 3455 1084 3524; x_wconf 89' lang='lat' dir='ltr'><strong>(qui</strong></span> <span class='ocrx_word' id='word_1_277' title='bbox 1097 3474 1111 3506; x_wconf 80' lang='lat' dir='ltr'><strong>a</strong></span> <span class='ocrx_word' id='word_1_278' title='bbox 1125 3451 1218 3506; x_wconf 86' lang='lat' dir='ltr'><strong>Siculis</strong></span> <span class='ocrx_word' id='word_1_279' title='bbox 1234 3471 1336 3508; x_wconf 73' lang='lat' dir='ltr'><strong>mecum</strong></span> <span class='ocrx_word' id='word_1_280' title='bbox 1351 3471 1422 3506; x_wconf 84' lang='lat' dir='ltr'><strong>mer·</strong></span> 
     </span>
     <span class='ocr_line' id='line_1_52' title="bbox 886 3539 1422 3610; baseline -0.002 -17"><span class='ocrx_word' id='word_1_281' title='bbox 886 3539 970 3610; x_wconf 78' lang='lat' dir='ltr'><strong>caris)</strong></span> <span class='ocrx_word' id='word_1_282' title='bbox 987 3547 1011 3593; x_wconf 83' lang='lat'><strong>3.</strong></span> <span class='ocrx_word' id='word_1_283' title='bbox 1029 3545 1053 3592; x_wconf 80' lang='grc'><strong>6.</strong></span> <span class='ocrx_word' id='word_1_284' title='bbox 1070 3545 1110 3592; x_wconf 86' lang='grc'><strong>444.</strong></span> <span class='ocrx_word' id='word_1_285' title='bbox 1125 3548 1170 3592; x_wconf 86' lang='grc'><strong>44.</strong></span> <span class='ocrx_word' id='word_1_286' title='bbox 1182 3546 1273 3594; x_wconf 66' lang='lat' dir='ltr'><strong>turs.</strong></span> <span class='ocrx_word' id='word_1_287' title='bbox 1285 3546 1325 3592; x_wconf 85' lang='grc'><strong>46.</strong></span> <span class='ocrx_word' id='word_1_288' title='bbox 1337 3547 1377 3594; x_wconf 86' lang='grc'><strong>44.</strong></span> <span class='ocrx_word' id='word_1_289' title='bbox 1389 3545 1422 3592; x_wconf 82' lang='grc'><strong>444</strong></span> 
     </span>
     <span class='ocr_line' id='line_1_53' title="bbox 886 3629 1420 3678; baseline -0.009 0"><span class='ocrx_word' id='word_1_290' title='bbox 886 3631 959 3678; x_wconf 83' lang='grc'><strong>-27,</strong></span> <span class='ocrx_word' id='word_1_291' title='bbox 985 3629 1095 3678; x_wconf 80' lang='lat'>45-50.</span> <span class='ocrx_word' id='word_1_292' title='bbox 1116 3631 1159 3678; x_wconf 88' lang='grc'><strong>54.</strong></span> <span class='ocrx_word' id='word_1_293' title='bbox 1179 3631 1221 3678; x_wconf 86' lang='grc'><strong>55.</strong></span> <span class='ocrx_word' id='word_1_294' title='bbox 1243 3630 1353 3677; x_wconf 80' lang='grc'><strong>57-69.</strong></span> <span class='ocrx_word' id='word_1_295' title='bbox 1377 3632 1420 3678; x_wconf 89' lang='grc'><strong>74.</strong></span> 
     </span>
     <span class='ocr_line' id='line_1_54' title="bbox 887 3706 1422 3778; baseline -0.006 -15"><span class='ocrx_word' id='word_1_296' title='bbox 887 3714 978 3763; x_wconf 80' lang='grc'><strong>7273.</strong></span> <span class='ocrx_word' id='word_1_297' title='bbox 992 3719 1018 3760; x_wconf 82' lang='grc'><strong>64</strong></span> <span class='ocrx_word' id='word_1_298' title='bbox 1034 3709 1157 3778; x_wconf 81' lang='lat' dir='ltr'><strong>permulti</strong></span> <span class='ocrx_word' id='word_1_299' title='bbox 1171 3707 1245 3762; x_wconf 88' lang='lat' dir='ltr'><strong>codd.</strong></span> <span class='ocrx_word' id='word_1_300' title='bbox 1258 3706 1422 3778; x_wconf 82' lang='lat' dir='ltr'><strong>Paris.quod</strong></span> 
     </span>
     <span class='ocr_line' id='line_1_55' title="bbox 885 3787 1422 3858; baseline -0.004 -18"><span class='ocrx_word' id='word_1_301' title='bbox 885 3807 1021 3858; x_wconf 82' lang='lat' dir='ltr'><strong>perperam</strong></span> <span class='ocrx_word' id='word_1_302' title='bbox 1047 3790 1136 3858; x_wconf 85' lang='lat' dir='ltr'><strong>probat</strong></span> <span class='ocrx_word' id='word_1_303' title='bbox 1163 3787 1331 3854; x_wconf 80' lang='lat' dir='ltr'><strong>Plathncrns‚</strong></span> <span class='ocrx_word' id='word_1_304' title='bbox 1360 3787 1422 3855; x_wconf 73' lang='lat' dir='ltr'><strong>quin</strong></span> 
     </span>
     <span class='ocr_line' id='line_1_56' title="bbox 885 3867 1423 3940; baseline -0.004 -18"><span class='ocrx_word' id='word_1_305' title='bbox 885 3889 967 3922; x_wconf 80' lang='grc'><strong>6666446</strong></span> <span class='ocrx_word' id='word_1_306' title='bbox 978 3871 1046 3922; x_wconf 79' lang='lat' dir='ltr'><strong>oleru</strong></span> <span class='ocrx_word' id='word_1_307' title='bbox 1058 3873 1096 3924; x_wconf 84' lang='lat' dir='ltr'><strong>sit</strong></span> <span class='ocrx_word' id='word_1_308' title='bbox 1112 3888 1233 3932; x_wconf 85' lang='lat' dir='ltr'><strong>crocum,</strong></span> <span class='ocrx_word' id='word_1_309' title='bbox 1251 3869 1321 3940; x_wconf 85' lang='lat' dir='ltr'><strong>quod</strong></span> <span class='ocrx_word' id='word_1_310' title='bbox 1334 3867 1423 3938; x_wconf 81' lang='lat' dir='ltr'><strong>pluri-</strong></span> 
     </span>
     <span class='ocr_line' id='line_1_57' title="bbox 886 3949 1421 4011; baseline -0.006 -9"><span class='ocrx_word' id='word_1_311' title='bbox 886 3951 1002 4003; x_wconf 76' lang='lat' dir='ltr'><strong>suumin</strong></span> <span class='ocrx_word' id='word_1_312' title='bbox 1019 3949 1121 4011; x_wconf 79' lang='lat' dir='ltr'><strong>Sicilia.</strong></span> <span class='ocrx_word' id='word_1_313' title='bbox 1147 3949 1217 4002; x_wconf 87' lang='lat' dir='ltr'><strong>unde</strong></span> <span class='ocrx_word' id='word_1_314' title='bbox 1241 3958 1267 4000; x_wconf 86' lang='grc'><strong>64</strong></span> <span class='ocrx_word' id='word_1_315' title='bbox 1293 3951 1421 4004; x_wconf 68' lang='lat' dir='ltr'><strong>disortium</strong></span> 
     </span>
     <span class='ocr_line' id='line_1_58' title="bbox 887 4031 1421 4104; baseline -0.006 -19"><span class='ocrx_word' id='word_1_316' title='bbox 887 4033 986 4086; x_wconf 85' lang='lat' dir='ltr'><strong>dicatur</strong></span> <span class='ocrx_word' id='word_1_317' title='bbox 997 4035 1061 4086; x_wconf 83' lang='lat' dir='ltr'><strong>stat.</strong></span> <span class='ocrx_word' id='word_1_318' title='bbox 1073 4031 1147 4104; x_wconf 84' lang='lat' dir='ltr'><strong>Sylv.</strong></span> <span class='ocrx_word' id='word_1_319' title='bbox 1158 4034 1191 4096; x_wconf 88' lang='lat' dir='ltr'><strong>V,</strong></span> <span class='ocrx_word' id='word_1_320' title='bbox 1201 4039 1226 4098; x_wconf 84' lang='lat'><strong>3,</strong></span> <span class='ocrx_word' id='word_1_321' title='bbox 1238 4037 1279 4085; x_wconf 92' lang='grc'><strong>44.</strong></span> <span class='ocrx_word' id='word_1_322' title='bbox 1292 4031 1321 4084; x_wconf 84' lang='lat' dir='ltr'><strong>Ei</strong></span> <span class='ocrx_word' id='word_1_323' title='bbox 1332 4042 1421 4083; x_wconf 76' lang='lat' dir='ltr'><strong>tamen</strong></span> 
     </span>
     <span class='ocr_line' id='line_1_59' title="bbox 887 4113 1420 4186; baseline -0.008 -16"><span class='ocrx_word' id='word_1_324' title='bbox 887 4115 1055 4184; x_wconf 80' lang='lat' dir='ltr'><strong>adstipulatur</strong></span> <span class='ocrx_word' id='word_1_325' title='bbox 1071 4115 1136 4168; x_wconf 78' lang='lat' dir='ltr'><strong>Act.</strong></span> <span class='ocrx_word' id='word_1_326' title='bbox 1153 4115 1200 4186; x_wconf 89' lang='lat' dir='ltr'><strong>qui</strong></span> <span class='ocrx_word' id='word_1_327' title='bbox 1220 4113 1293 4167; x_wconf 83' lang='lat' dir='ltr'><strong>illam</strong></span> <span class='ocrx_word' id='word_1_328' title='bbox 1307 4113 1356 4168; x_wconf 86' lang='lat' dir='ltr'><strong>lec.</strong></span> <span class='ocrx_word' id='word_1_329' title='bbox 1373 4132 1420 4166; x_wconf 84' lang='lat' dir='ltr'><strong>re-</strong></span> 
     </span>
     <span class='ocr_line' id='line_1_60' title="bbox 887 4199 979 4252; baseline 0.011 -1"><span class='ocrx_word' id='word_1_330' title='bbox 887 4199 979 4252; x_wconf 82' lang='lat' dir='ltr'><strong>stituit.</strong></span> 
     </span>
    </p>

    <p class='ocr_par' dir='ltr' id='par_1_26' title="bbox 886 4283 1421 4438">
     <span class='ocr_line' id='line_1_61' title="bbox 921 4283 1421 4355; baseline 0.004 -23"><span class='ocrx_word' id='word_1_331' title='bbox 921 4285 979 4336; x_wconf 83' lang='lat'><strong>270.</strong></span> <span class='ocrx_word' id='word_1_332' title='bbox 991 4285 1081 4355; x_wconf 74' lang='lat' dir='ltr'><strong>pittgut&#39;</strong></span> <span class='ocrx_word' id='word_1_333' title='bbox 1094 4289 1132 4338; x_wconf 86' lang='grc'><strong>46.</strong></span> <span class='ocrx_word' id='word_1_334' title='bbox 1141 4346 1145 4354; x_wconf 41' lang='lat'><strong><em>¹</em></strong></span> <span class='ocrx_word' id='word_1_335' title='bbox 1155 4287 1195 4340; x_wconf 89' lang='grc'><strong>27.</strong></span> <span class='ocrx_word' id='word_1_336' title='bbox 1212 4287 1255 4338; x_wconf 85' lang='grc'><strong>45.</strong></span> <span class='ocrx_word' id='word_1_337' title='bbox 1275 4286 1318 4337; x_wconf 87' lang='grc'><strong>59.</strong></span> <span class='ocrx_word' id='word_1_338' title='bbox 1336 4283 1377 4336; x_wconf 77' lang='grc'><strong>66.</strong></span> <span class='ocrx_word' id='word_1_339' title='bbox 1387 4309 1421 4323; x_wconf 91' lang='lat'><strong>-·</strong></span> 
     </span>
     <span class='ocr_line' id='line_1_62' title="bbox 886 4369 1041 4438; baseline -0.013 -17"><span class='ocrx_word' id='word_1_340' title='bbox 886 4369 987 4438; x_wconf 82' lang='lat' dir='ltr'><strong>autt&#39;quc</strong></span> <span class='ocrx_word' id='word_1_341' title='bbox 1000 4371 1041 4420; x_wconf 88' lang='grc'><strong>22.</strong></span> 
     </span>
    </p>
   </div>
   <div class='ocr_carea' id='block_1_13' title="bbox 0 0 1544 5494">
    <p class='ocr_par' dir='ltr' id='par_1_27' title="bbox 0 0 1544 5494">
     <span class='ocr_line' id='line_1_63' title="bbox 0 0 1544 5494; baseline 0 0"><span class='ocrx_word' id='word_1_342' title='bbox 0 0 1544 5494; x_wconf 95' lang='lat' dir='ltr'><strong> </strong></span> 
     </span>
    </p>
   </div>
  </div>
 </body>
</html>
