3098 5498
339 364 428 484 ¹74
777 375 1003 450 4444444444
1087 411 1090 418 ·

329 585 502 663 Cantabit
521 609 659 663 vacuus
677 597 803 662 coram
820 583 967 662 latrone
987 587 1118 661 viator.

326 705 452 778 Prima
470 701 549 777 fere
571 717 651 776 vota
670 719 708 776 et
726 705 870 777 cunctis
890 705 1080 778 notissima
1101 695 1262 806 templis}

327 821 486 897 Divitiae
496 847 507 910 ;
528 835 698 892 crescant
715 834 759 892 ut
779 843 888 922 opes,
909 835 953 893 nt
972 822 1128 892 maxima
1146 835 1228 896 toto
1528 897 1529 906 ,

282 985 289 998 ·
325 929 462 1015 'Nostra
481 940 528 1011 sit
544 961 630 1009 arca
648 933 744 1012 foro.
770 935 845 1010 Sed
862 933 967 1010 nulla
987 938 1135 1010 aconita
1155 935 1344 1010 bibuntur
1419 973 1452 1024 25

327 1051 532 1128 Fictilibus.
559 1054 667 1126 Tunc
687 1049 752 1125 illa
773 1054 883 1144 time,
911 1079 1028 1152 quum
1056 1051 1194 1156 pocula
1220 1077 1344 1126 sumes

328 1171 543 1258 Gemmata,
570 1185 607 1241 et
632 1167 709 1242 lato
736 1167 904 1241 Setinum
924 1165 1072 1242 ardebit
1090 1171 1133 1240 in
1155 1193 1262 1243 ausc.

377 1287 504 1359 Iamne
530 1287 645 1388 igitur
670 1281 821 1374 laudas,
847 1283 951 1387 quod
969 1283 1017 1358 de
1037 1277 1268 1387 sapientibus
1295 1281 1397 1367 alter

325 1400 510 1492 Ridebat,
538 1403 685 1501 quoties
712 1399 759 1474 de
787 1399 915 1476 limine
942 1418 1108 1480 moverat
1134 1427 1253 1476 unum
1395 1374 1447 1451 θ’

325 1515 795 1623 Protuleratquepedem,
814 1517 929 1594 flebat
947 1521 1160 1594 contrarius
1180 1521 1343 1592 auctor?
1410 1552 1444 1600 30

324 1633 400 1708 Sed
419 1632 538 1708 facilis
557 1638 671 1714 cuivis
698 1635 810 1739 rigidi
837 1657 993 1712 censura
1021 1637 1219 1710 cachinni:

324 1748 539 1824 Mirandum
557 1768 630 1838 est,
652 1751 755 1827 unde
774 1751 839 1825 ille
857 1751 975 1827 oculis
996 1751 1186 1828 suffecerit
1204 1749 1349 1824 humor.

322 1870 513 1973 Perpetuo
532 1867 611 1945 risu
627 1867 845 1973 pulmonem
865 1871 1006 1972 agitare
1025 1869 1171 1945 solebat

322 1987 579 2078 Democritus,
601 2013 826 2087 quamquam
845 2012 924 2060 non
943 2005 1066 2061 essent
1082 1985 1240 2061 urbibus
1259 1981 1335 2058 illis

322 2105 520 2180 Praetexta
537 2118 576 2178 et
592 2103 766 2194 trabeae,
787 2101 925 2192 fasces,
945 2100 1100 2194 lectica,
1120 2099 1299 2178 tribunal.
1400 2137 1432 2186 ³5

322 2221 443 2320 Quid,
469 2223 499 2298 si
526 2219 674 2299 vidisset
691 2223 907 2296 Praetorem
926 2221 1101 2296 curribus
1121 2219 1205 2294 altis
1516 2215 1519 2220 ¹

355 2501 398 2554 22.
413 2497 530 2554 Gordia
547 2504 588 2556 40.
611 2509 650 2556 44.
673 2509 741 2556 recle
758 2501 854 2556 forsan.
905 2497 992 2552 44444444
1016 2499 1108 2566 αὐτῶν,
1135 2499 1179 2552 τοῦ
1204 2493 1233 2554 tt
1255 2499 1302 2556 τήν
1324 2495 1431 2568 dyvous

325 2583 560 2640 Committe.
803 2627 810 2635 .
904 2581 1083 2654 ὄδυρουμλνου.
1112 2585 1187 2639 Cnnl.
1204 2596 1229 2638 44
1248 2582 1432 2636 laetanea

356 2673 398 2721 24.
411 2681 437 2720 at
449 2683 557 2722 crescant
569 2689 628 2740 oper
643 2675 682 2726 40.
694 2677 733 2726 45.
745 2681 855 2724 4444444444
904 2673 995 2743 44ρᾶ444
1008 2687 1030 2720 c·
1045 2674 1084 2722 43.
1099 2677 1123 2720 44
1139 2675 1179 2720 44.

323 2762 347 2802 44
364 2769 422 2818 oper
435 2755 476 2806 22.
491 2753 616 2818 Divitiae,
630 2767 737 2808 crescam
749 2775 805 2826 opes
823 2763 852 2809 47
939 2756 979 2803 29.
992 2773 1008 2803 a
1021 2751 1106 2802 limine
1122 2755 1228 2804 40-42.
1245 2753 1353 2804 45-27.
1368 2753 1433 2800 45-

325 2841 392 2888 -49
409 2855 478 2908 apr.
494 2857 531 2891 m.
555 2841 668 2894 Divitiae
686 2854 711 2892 ut
730 2854 853 2906 arescant,
905 2840 946 2890 5⁰.
961 2843 1001 2889 54.
1017 2842 1056 2889 ⁵5.
1072 2843 1179 2890 57-63.
1197 2841 1305 2889 <ts-69.
1323 2837 1432 2889 74-73.

321 2923 710 2988 maperthesal—mar.
743 2922 855 2974 Divitiae
939 2922 1124 2970 30.eontrarius
1145 2920 1210 2970 alter
1230 2925 1269 2971 40.
1299 2923 1339 2970 42.
1363 2921 1435 2968 47-

324 3011 472 3051 merescere
489 3012 512 3051 44
530 3020 589 3071 oper
608 3007 647 3056 46.
675 3003 742 3054 sorte
761 3003 854 3057 rectius
904 3007 945 3055 27.
965 3007 1074 3056 46-60,
1096 3008 1202 3055 54-69.
1222 3006 1331 3054 74-74,
1349 3003 1392 3052 77.
1411 3008 1437 3050 44

321 3089 348 3133 44
356 3091 488 3152 receptum
502 3082 534 3136 ab
547 3085 610 3136 Act.
634 3084 684 3137 nisi
701 3083 801 3138 doctior
817 3097 855 3140 444
904 3087 1003 3138 ΧΧΧΙΙ
1014 3085 1089 3137 MSS.
1104 3085 1180 3139 Paria.
1193 3084 1263 3154 prob.
1278 3083 1437 3136 ammoto

319 3159 396 3216 lectio
409 3175 513 3218 44444444
532 3166 688 3240 Primafere
702 3181 764 3221 vota
771 3209 780 3233 ,
793 3168 821 3223 h.
830 3189 852 3222 4.
906 3177 927 3221 4.
940 3168 995 3222 cod.
1011 3169 1067 3220 Put.
1081 3179 1107 3220 et
1122 3169 1174 3222 duo
1189 3167 1233 3220 alii
1247 3167 1326 3221 Paris.

319 3253 441 3300 votorum
452 3259 604 3317 argumenta
615 3262 676 3304 444444
688 3253 791 3304 divitiae
804 3262 852 3308 cet.
938 3257 980 3304 34.
993 3254 1035 3302 cai
1050 3256 1090 3303 uia
1105 3259 1144 3304 45.
1155 3258 1194 3304 46.
1204 3250 1285 3320 aegida·
1301 3253 1380 3300 444νί4
1390 3245 1422 3298 41.

318 3327 409 3384 Minus
420 3331 485 3386 mihi
497 3333 593 3387 arridet
603 3338 726 3390 4444444444
740 3337 855 3402 4444444444,
936 3343 978 3391 at.
991 3347 1052 3387 esset
1067 3342 1094 3388 in
1110 3341 1140 3389 40
1161 3354 1175 3386 a
1195 3353 1230 3386 m.
1245 3353 1284 3404 pr.
1298 3345 1377 3386 4444444
1387 3350 1432 3401 pm

322 3414 370 3485 qui
388 3424 474 3486 putat,
497 3413 636 3487 legendum
656 3438 709 3473 4444
729 3423 853 3486 Divitiae,
903 3433 963 3474 esset
980 3423 1101 3476 44444444
1119 3437 1148 3472 e!
1173 3428 1216 3474 44.
1232 3425 1262 3472 46
1273 3425 1352 3473 -47,
1370 3424 1434 3471 49-

320 3509 344 3547 44
362 3511 509 3550 ereremum
526 3519 601 3570 oper,
616 3499 726 3570 binaque
745 3502 853 3556 indicari
903 3509 945 3558 22.
960 3513 1067 3559 tat-63.
1082 3511 1122 3560 76.

322 3587 398 3643 vota,
419 3569 578 3650 ponpeium,
603 3583 706 3638 divitias
731 3585 779 3638 44444
805 3603 849 3638 ex·
938 3594 979 3643 ³5.
1007 3589 1171 3654 Praetextoe,
1194 3587 1295 3640 4444444
1321 3595 1364 3639 44.
1394 3591 1434 3639 ⁴5.

316 3663 851 3737 optantium,etdivitum,quiprecentor‚
901 3675 974 3742 prob.
998 3673 1125 3727 Sebursfl.
1144 3673 1187 3744 qui
1208 3674 1327 3743 putabat,
1351 3670 1433 3724 libra-

317 3754 347 3797 444
358 3745 461 3800 divitiae
473 3759 595 3802 4444444444.
901 3754 954 3806 4444
968 3753 1034 3806 male
1045 3755 1188 3826 geminatae
1205 3754 1307 3808 literam
1321 3755 1433 3824 primam

351 3833 393 3883 28.
418 3827 513 3884 Nonne
530 3832 720 3887 46.-44444444
741 3841 781 3910 46.
810 3842 850 3888 47.
900 3837 969 3890 vocis
982 3840 1086 3890 trabeae.

320 3917 359 3965 tt.
375 3916 416 3966 20.
431 3917 523 3970 ttae.
938 3927 978 3974 36.
1002 3923 1025 3972 ai
1046 3935 1184 3990 praetorem
1211 3922 1317 3974 vida'aret
1344 3925 1433 3972 22.-

350 3997 391 4046 28.
410 3999 451 4048 30.
469 3991 598 4049 Similiter
617 3999 743 4052 Lucienus
757 3997 789 4050 de
807 4017 847 4051 sa-
899 4005 1019 4053 vietorem
1032 4019 1079 4070 pro
1094 4001 1239 4054 Praetorem
1256 4001 1324 4069 conj.
1337 4001 1431 4054 Schra-

316 4074 372 4126 cris.
396 4095 420 4129 c.
448 4084 488 4130 45.
511 4082 600 4132 Ταῦτα
619 4081 683 4134 οὕτω
709 4083 849 4152 γιγνόμονα
900 4083 1028 4136 der-ia
1048 4087 1156 4137 eruribus
1174 4092 1214 4139 46.
1232 4089 1274 4138 25.
1293 4089 1336 4137 27.
1359 4090 1432 4138 45-

317 4156 361 4209 4444
375 4157 423 4211 ὑπὸ
434 4165 483 4212 τῶν
501 4161 598 4214 πολλῶν
613 4163 779 4233 armanalanam
798 4163 849 4219 δεῖ·
900 4173 940 4222 50.
964 4175 1069 4222 55-69.
1091 4177 1201 4224 74-74.
1222 4177 1261 4223 77.
1279 4181 1305 4223 et
1326 4169 1430 4240 quidam

313 4238 374 4290 40444
389 4259 432 4310 μοι
450 4239 520 4308 darei
532 4248 577 4296 τοῦ
596 4243 641 4314 μὲν
659 4245 848 4316 ἐπιτιμήσοντος
899 4251 973 4304 codd.
990 4251 1069 4303 Paria.
1086 4253 1135 4306 Sed
1148 4254 1253 4306 omissio
1271 4252 1432 4324 praepositio·

314 4318 429 4384 4064444,
451 4326 607 4397 Ηρακλείτου
628 4324 658 4380 tt
677 4347 743 4388 τινος
763 4327 778 4386 ἦ
796 4335 844 4386 Aa·
895 4335 935 4385 nis
963 4334 1078 4386 4444444444
1101 4335 1229 4404 4444444445
1253 4347 1299 4394 tot
1321 4335 1431 4390 librariis

311 4407 449 4476 4444ρί444,
475 4411 519 4462 τοῦ
544 4409 591 4486 pir
608 4411 777 4483 yelaaootrau
796 4431 842 4471 444
895 4433 969 4486 saepe
984 4417 1128 4474 tribuenda.
