3028 5492
325 375 390 488 ltl
755 419 811 486 os
847 423 1011 488 sarran

325 621 513 706 Drusianae,
536 617 718 714 dpuleisaae
739 613 875 712 aliaeque
888 625 1050 692 seditiones
1069 619 1261 702 tribunitius,
1283 615 1456 688 mor-bella

327 724 445 801 ciuilia,
465 725 721 809 proscriptiones,
741 723 1093 810 dictaturae'perpetuae
1114 733 1145 786 et
1157 721 1377 784 triumviratus.
1393 715 1457 784 tto·

325 843 376 886 res
396 823 500 897 enim,
524 832 611 884 autea
631 823 741 884 sensim
762 822 966 906 paulatimque
986 821 1083 904 lapsi,
1104 820 1164 882 iant
1186 827 1353 902 coeperant
1363 833 1455 897 praa·

326 917 434 1001 eipites
454 918 522 996 ire,
552 925 583 982 et
603 918 794 980 abundantes
825 917 947 980 diritius
977 928 1066 1001 etque
1087 917 1253 1000 uoluptates
1272 919 1455 999 pepererant

325 1015 533 1092 desiderium,
554 1036 609 1098 pcr
630 1013 827 1076 ambitionem
849 1023 938 1098 atque
966 1012 1131 1096 potentiam
1161 1011 1295 1074 audendi
1312 1007 1455 1092 perden-

324 1111 417 1196 dique
437 1111 555 1185 omnia,
576 1111 676 1172 donec
695 1109 733 1170 ud
754 1131 787 1170 eu
807 1111 1020 1192 perveniretur
1040 1119 1188 1191 tempora,
1209 1108 1318 1191 quibas
1339 1101 1455 1188 perditi

324 1215 420 1290 atque
438 1205 592 1291 profligati
613 1206 753 1268 homines
774 1227 836 1265 aon
857 1205 986 1289 amplius
1007 1204 1054 1268 vel
1075 1205 1144 1267 vitia
1167 1225 1241 1276 sua,
1278 1199 1325 1270 rel
1350 1219 1457 1266 reme·

324 1299 392 1378 dia,
417 1323 496 1386 qaae
517 1301 626 1365 morbo
646 1301 769 1388 quidem
792 1301 1024 1376 adhibebuntur,
1045 1300 1099 1362 sed
1120 1300 1247 1362 salutem
1262 1296 1456 1372 minuebant,

244 1398 249 1406 '
322 1393 568 1482 pati'poteraut,
595 1405 648 1460 aut
667 1398 750 1459 ferro
771 1397 960 1472 libertatem,
990 1417 1089 1478 quae,
1121 1417 1214 1480 qaum
1235 1419 1251 1457 a
1273 1393 1455 1456 meurisse

323 1493 395 1555 iude
418 1494 665 1576 Pompeiaaoque
686 1493 766 1556 bello
791 1493 830 1555 ad
859 1515 994 1576 pugnam
1025 1493 1181 1555 Actiacam
1213 1489 1260 1553 vel
1288 1489 1453 1570 septimum

322 1591 452 1672 Augusti
483 1590 675 1652 consulatum
706 1589 791 1653 uelut
820 1579 954 1654 moriens
980 1590 1123 1652 reluctata
1154 1597 1231 1650 esset
1261 1586 1452 1660 dominatui,

324 1686 448 1748 tandem
472 1688 498 1746 ei
519 1687 627 1750 cedere
648 1687 823 1769 cogebatur.
845 1687 971 1748 Routuui
995 1688 1091 1760 ciras,
1118 1685 1169 1769 qui
1192 1683 1286 1758 olim,
1306 1679 1453 1763 quamdiu

324 1781 426 1844 adhuc
448 1784 650 1866 parsimoniae
669 1783 902 1867 paupertatique
921 1787 1018 1846 honos
1038 1791 1178 1856 steterat,
1193 1779 1386 1860 disciplinam
1401 1797 1454 1838 se-

323 1899 446 1953 veram,
468 1879 591 1962 inopem
616 1881 785 1964 duramque
807 1879 923 1954 vitam,
944 1881 1087 1940 iustitium
1110 1877 1240 1959 aliasque
1261 1875 1390 1936 virtutes
1404 1891 1455 1933 co·

322 1971 465 2049 luerent,
486 1975 557 2037 iude
577 1996 593 2036 a
614 1973 737 2036 Sullana
757 1985 854 2037 aetate
876 1997 967 2058 opum
983 1985 1014 2038 et
1033 1971 1309 2035 coacervandurum
1324 1978 1355 2030 et
1375 1989 1455 2050 pro·-

321 2069 550 2132 fundenderum
574 2069 748 2152 inexplebili
770 2079 860 2154 etque
882 2072 986 2131 insana
1007 2066 1361 2153 cupiditatearslebautr
1376 2085 1454 2126 mu·-

321 2163 471 2247 lieresque
492 2187 555 2226 non
577 2167 677 2226 miuus
699 2167 833 2248 turpiter
854 2167 995 2226 vivebant
1016 2187 1106 2248 quam
1127 2164 1195 2226 riri.
1231 2163 1367 2223 Censura
1389 2179 1454 2222 nau

323 2260 393 2320 satit
413 2268 515 2320 severa
547 2270 611 2322 erat
642 2271 693 2321 out
713 2259 835 2336 efficax,
866 2271 895 2322 et
917 2261 1066 2320 institutio
1093 2259 1261 2320 liberorum
1287 2273 1454 2338 perversa,

323 2355 500 2418 hominibus
520 2377 608 2438 ssepe
630 2357 779 2418 vilissimis
801 2357 1041 2439 turpissimisque
1060 2355 1170 2416 traditu
1191 2363 1222 2416 et
1242 2349 1455 2434 aparentibus

321 2453 371 2516 vel
392 2454 480 2536 pleae
501 2453 638 2538 neglecta
659 2455 708 2516 sel
729 2455 829 2537 pruris
848 2455 992 2518 vitiorum
1014 2453 1162 2536 exemplis
1174 2459 1328 2534 corrupta.
1340 2449 1454 2510 Cicero

321 2569 386 2610 nou
407 2571 469 2609 uuo
490 2549 559 2610 loco
579 2549 720 2632 deplorat
742 2571 907 2626 summam,
929 2551 960 2610 in
982 2571 1074 2632 quum
1095 2551 1194 2632 prima
1215 2557 1294 2608 uetes
1307 2567 1361 2608 uua
1376 2544 1455 2606 iuci-

320 2645 430 2720 disset,
454 2645 717 2728 perturbationem
745 2646 923 2727 disoipliuao
954 2648 1081 2721 veteris,
1114 2656 1174 2706 tam
1197 2643 1336 2726 publicae
1354 2665 1454 2726 quam

320 2742 477 2824 privatae,
498 2764 569 2802 cum
585 2767 642 2826 qna
665 2763 730 2804 rena
753 2741 902 2824 publicam
933 2743 1160 2824 potentiamque
1189 2741 1399 2802 Rauracorum
1422 2749 1456 2800 et

319 2835 435 2897 stetisse
456 2845 487 2898 et
507 2838 650 2918 eccidisse
671 2838 881 2920 sapientissimi
905 2838 961 2896 viri
984 2837 1179 2910 iudicarunt,
1199 2844 1230 2896 et
1246 2835 1274 2896 in
1291 2835 1379 2896 Orat
1393 2853 1455 2914 pro

320 2929 426 2990 Coelio
439 2951 466 2992 o.
486 2951 530 3012 17.
553 2931 772 2991 continentiam
787 2931 862 2991 dicit
883 2931 1019 3011 aliasque
1044 2928 1265 3002 Camillorum,
1286 2927 1455 2990 Fabricio·-

320 3045 390 3089 rum
424 3025 652 3108 Curiorumque
687 3027 813 3087 virtutes
845 3049 906 3088 non
938 3029 1036 3088 solum
1068 3047 1129 3086 nou
1152 3027 1182 3085 ia
1205 3025 1342 3088 moribus
1362 3025 1457 3086 huius

320 3125 399 3196 aeri,
420 3121 473 3184 sed
487 3123 538 3186 rix
561 3123 618 3182 iam
641 3125 671 3182 in
693 3122 778 3184 libris
800 3123 950 3206 reperiri;
972 3126 1094 3183 chartas
1109 3143 1252 3207 quoque,
1273 3121 1456 3204 quasillum

319 3218 479 3300 pristinam
491 3219 679 3279 severitatem
694 3217 917 3293 continuerint,
931 3217 1119 3280 obsolevisse.
1135 3217 1316 3300 Exempla·
1329 3216 1456 3297 [deiude

321 3315 465 3394 Augusti,
486 3313 640 3398 Principis
662 3315 816 3396 magnifici
837 3324 868 3376 et
891 3315 1061 3390 luxuriosi,
1081 3317 1212 3376 maxima
1232 3335 1305 3376 reru
1326 3313 1456 3375 Maece·

321 3409 420 3482 natis,
452 3410 583 3470 bominis
614 3411 677 3470 otio
697 3429 733 3470 uc
751 3409 886 3470 mollitiis
913 3431 1010 3492 paeue
1041 3409 1119 3470 ultra
1151 3409 1297 3470 feminam
1327 3407 1458 3472 fluentis

320 3501 461 3584 (Vellei.
482 3503 525 3576 ll,
545 3504 594 3567 88.
618 3502 755 3565 Iuvenal.
777 3503 803 3576 l,
817 3507 866 3566 ee.
888 3504 960 3580 ΧΗ,
975 3503 1069 3583 dm),
1099 3523 1172 3586 opes
1199 3503 1389 3577 immensus,
1412 3521 1457 3568 ex

319 3597 486 3682 proviaciis
507 3601 636 3660 Romam
657 3599 863 3674 confluentes,
884 3601 1031 3662 securitas
1051 3619 1086 3660 aa
1107 3599 1194 3681 quies
1212 3598 1356 3680 imperii,
1387 3607 1457 3662 tam

319 3693 443 3754 diutinis
464 3693 605 3776 procellis
632 3715 667 3755 ue
695 3695 879 3756 turbuleatis
909 3694 1139 3778 tempestatibus
1172 3693 1293 3768 vaxati,
1324 3690 1457 3772 exiguas

318 3789 541 3874 simplicitatis,
560 3791 779 3873 magnitudinis
801 3793 894 3852 enimi
924 3791 1112 3875 aliarumque
1133 3791 1280 3852 virtutum
1302 3809 1455 3854 momm-

318 3903 379 3968 que
399 3894 537 3946 aeterum
558 3885 701 3968 reliquias
721 3885 957 3970 extinguebant,
982 3888 1159 3969 animosque
1179 3886 1318 3946 omnium
1332 3905 1457 3966 psaaaa

317 3977 487 4040 reddebant
508 3979 546 4042 od
578 3983 751 4057 luxuriam,
775 3981 982 4044 effeminatam
1013 3980 1192 4063 languorem
1224 3979 1454 4058 ettibidiues,

318 4095 395 4155 quae
415 4075 547 4136 consiliis
567 4077 767 4158 imperatoris
792 4099 932 4162 novoque
952 4077 1081 4140 civitatis
1101 4078 1190 4138 statui
1209 4085 1300 4160 quatu
1315 4075 1453 4140 maxime

319 4169 545 4249 congruebant,
570 4181 704 4236 mentera
725 4193 799 4235 sero
818 4174 1028 4236 abalienabant
1059 4195 1078 4234 a
1109 4172 1216 4236 studiis
1241 4171 1454 4236 severioribus

318 4263 442 4346 eiusque
461 4267 540 4328 uires
560 4268 752 4348 frangebant.
773 4269 858 4332 idem
886 4277 1055 4355 Augustus,
1089 4280 1123 4330 at
1149 4261 1266 4335 caimos
1287 4267 1404 4332 einiuaa
1428 4290 1454 4332 te

314 4377 408 4420 seusu
428 4361 577 4426 libertatis
595 4365 723 4428 amissae
743 4375 775 4427 et
790 4367 930 4449 diligenti
949 4375 1080 4428 mutatae
1106 4368 1152 4428 rei
1174 4367 1316 4451 publicae
1334 4365 1450 4430 eonst-

214 4463 217 4470 ’
317 4451 475 4524 duratione
495 4469 660 4550 erumnae,
683 4461 748 4553 ipse
767 4470 871 4528 autem
891 4462 1044 4556 potentiue
1063 4483 1186 4530 securus
1211 4472 1311 4548 esset,
1330 4461 1449 4532 eutius
