3046 5498
297 302 416 410 xxvi
733 333 791 400 aa
824 335 979 400 sarran

296 541 429 614 invicem
442 538 601 626 ingessisse
619 535 747 606 dicteria
761 549 792 600 et
811 533 949 622 probra,
967 532 1104 600 versibus
1127 529 1343 624 utplurimum
1363 527 1423 598 in-

297 639 449 716 conditis,
469 637 640 702 amoebaeis
659 646 691 700 et
705 634 961 718 extemporalibus
975 640 1172 722 (secespitae
1182 648 1281 726 ᾅσμασι
1299 653 1324 696 s·
1336 645 1422 704 ποιή.

295 747 387 822 μασι)
409 748 524 800 temere
544 755 579 796 ac
599 731 664 796 siue
684 743 748 796 arte
768 731 956 794 adumbrata.
975 732 1063 796 Tales
1083 755 1187 800 versus
1207 743 1293 798 eraut
1311 731 1423 794 Satur-

296 837 361 911 nii,
381 833 413 896 b.
434 854 460 896 e.
480 829 573 916 prisci
592 852 627 894 ac
648 830 757 904 rudes,
772 839 802 894 et
820 830 1015 906 Fesccnm'ai,
1038 853 1056 892 c
1077 829 1261 910 Fesccuuia,
1277 828 1424 892 Etruriae

294 929 433 1016 oppido,
454 927 499 990 sic
519 927 610 1004 dicti,
632 924 788 988 obscoenis
808 924 850 986 illi
872 926 1111 1011 proceribusque
1137 928 1212 990 iocis
1231 923 1341 1012 pleni,
1360 944 1424 986 uec

298 1027 367 1090 ullis
386 1025 433 1088 rel
453 1023 573 1089 honesti
593 1034 625 1086 et
644 1021 768 1098 decori,
789 1021 838 1086 rel
862 1023 950 1084 metri
971 1022 1088 1104 legibus
1108 1025 1260 1099 adstricti,
1279 1019 1423 1108 quamvis

296 1119 436 1205 rhythmi
456 1141 519 1182 nou
539 1118 629 1202 plane
647 1127 805 1202 expertes,
826 1138 922 1200 quos,
942 1127 977 1178 ut
997 1119 1089 1181 serbe
1107 1121 1201 1182 Ennii
1215 1140 1280 1182 mea
1295 1118 1421 1194 faciem,

578 1267 654 1330 clim
674 1267 774 1328 Fauni
793 1280 936 1352 vatesque
953 1269 1118 1344 canebant,

461 1367 561 1448 Quum
581 1385 675 1448 neque
696 1365 853 1428 Musarum
873 1365 1012 1449 scopulos
1032 1369 1193 1452 quisquam
1213 1380 1395 1450 superarat,

461 1465 526 1525 Nec
546 1460 621 1524 dicti
641 1460 791 1523 studiosus
809 1474 886 1522 crat.

296 1613 417 1682 Horum
437 1635 583 1678 uersuum
603 1613 749 1696 frequens
769 1612 828 1674 suit
848 1621 878 1676 ct
905 1611 1067 1700 dipturnus
1097 1615 1211 1676 Romae
1232 1633 1322 1690 usus,
1352 1621 1420 1674 tum

298 1713 330 1774 ia
351 1709 452 1788 festis,
470 1710 581 1772 tamin
602 1709 667 1772 eliis
677 1709 872 1788 solennibus,
893 1710 1054 1793 praecipue
1065 1711 1242 1794 nuptiarum
1256 1722 1287 1774 et
1300 1707 1419 1774 uium-

298 1806 450 1892 phorum,

461 1941 660 2024 Libertasque
678 1953 863 2002 recurrentes
882 1956 1007 2024 accepta
1024 1963 1081 2024 per
1100 1965 1198 2005 annos

458 2039 547 2098 Lusit
564 2037 756 2112 amabiliter,
777 2036 874 2097 donec
888 2037 951 2098 iam
966 2058 1069 2099 saevus
1083 2052 1221 2120 apertam

453 2135 501 2194 ln
520 2132 636 2194 rabiem
656 2135 732 2194 verti
749 2134 844 2215 eoepit
863 2135 947 2194 iocus
965 2147 994 2193 et
1012 2141 1065 2214 p'cr
1084 2135 1223 2196 honestas

463 2231 514 2290 lre
533 2229 641 2290 domos
661 2231 783 2311 impune
803 2231 924 2290 minax.
949 2232 1083 2291 Dolucre
1102 2245 1222 2292 cruento

460 2327 560 2386 Dente
578 2327 728 2386 lacessiti.-
746 2326 808 2400 suit
827 2327 950 2386 intactis
968 2345 1087 2409 quoque
1106 2349 1183 2389 cura

463 2421 648 2482 Coseditione
667 2443 758 2504 super
777 2424 950 2483 communi:
977 2423 1052 2505 quin
1071 2425 1163 2484 etiam
1184 2423 1244 2483 lea'

453 2519 623 2600 Poenaque
641 2519 724 2592 lato,
752 2520 833 2577 niolo
854 2539 933 2600 quac
952 2519 1044 2579 nollet
1063 2521 1200 2580 carmine
1218 2534 1400 2598 pernequam

463 2614 612 2673 Describi.
636 2615 758 2674 Vertere
777 2611 920 2688 modum,
934 2613 1108 2694 formidine
1116 2617 1216 2697 fustis

463 2708 519 2768 Acl
539 2708 609 2769 bene
629 2707 793 2770 dicendum
813 2708 1083 2794 delectandumque
1103 2709 1232 2770 redacti.

302 2853 433 2938 (Horat.
451 2855 544 2938 Epist.
564 2857 607 2934 ΙΙ,
626 2881 651 2932 ι,
675 2860 731 2934 rto
744 2869 830 2943 seq.)
851 2860 933 2922 Haec
953 2869 997 2922 cst
1017 2859 1067 2924 les
1081 2859 1133 2920 itta
1148 2859 1214 2920 XII
1228 2854 1422 2920 Tabularum

301 2949 476 3032 etquidem
509 2951 585 3014 Tuli.
621 2953 691 3014 Vll.
722 2953 757 3014 Si
776 2955 830 3036 qui
847 2956 957 3038 pipulo
992 2954 1159 3038 (publice,
1190 2952 1239 3015 vel
1259 2951 1423 3026 convicio)

301 3050 464 3108 occentasit
484 3045 549 3121 (el.
563 3047 764 3124 actitavisset)
783 3047 943 3112 carmenoe
971 3051 1126 3128 condicit,
1153 3049 1238 3135 quod
1256 3047 1423 3130 infamiam

287 3141 388 3223 faxit
404 3143 592 3225 flagitiumve
611 3143 718 3220 alteri,
733 3145 817 3228 fuste
825 3145 937 3225 serito.

342 3235 526 3298 Eorumdem
548 3257 689 3300 versuum
711 3260 782 3300 usus
806 3239 950 3302 Saturam
981 3262 1005 3305 s.
1028 3239 1162 3302 Satiram
1193 3239 1424 3312 Romanorum,

303 3339 334 3392 et
349 3330 487 3414 'primum
509 3331 635 3414 quidem
655 3333 879 3410 dramaticum,
908 3335 1020 3398 deinde
1041 3358 1114 3398 vero
1133 3335 1321 3396 didacticum
1343 3353 1425 3414 qua·
1486 3355 1488 3358 ·

302 3445 363 3508 que
383 3428 563 3509 procreavit.
583 3427 664 3490 Illud
684 3430 774 3492 docet
793 3430 920 3514 insignis
940 3430 979 3493 de
1005 3431 1122 3514 origine
1135 3430 1326 3494 reisceuicae
1339 3427 1426 3488 locus

301 3521 383 3585 Livii
403 3523 456 3584 lib.
476 3523 546 3586 vlt.
568 3547 594 3586 c.
616 3547 645 3586 2.
666 3548 758 3610 queue
779 3549 935 3610 apponere
954 3527 1043 3590 liceat
1063 3537 1093 3590 et
1123 3528 1226 3612 paucis
1252 3525 1426 3588 adnotatio-

302 3617 392 3680 nibus
414 3619 573 3684 illustrare.
591 3623 634 3682 Et
654 3623 711 3682 hoc
731 3638 760 3684 ct
779 3626 945 3708 insequenti
966 3647 1046 3686 anno
1068 3631 1123 3697 (a.
1146 3625 1187 3686 V.
1207 3645 1234 3686 c.
1247 3620 1425 3694 CCCXC·)s

303 3714 341 3774 C.
361 3713 493 3796 Sulpicio
508 3717 609 3778 Petico
631 3731 660 3778 ct
681 3719 713 3780 G.
738 3720 862 3780 Licinio
883 3719 1007 3782 Stolone
1034 3719 1224 3794 consulibus,
1251 3717 1426 3800 pestilentia

290 3809 371 3891 feeit.
390 3811 439 3870 Eo
461 3811 539 3872 atntt
558 3813 686 3898 dignum
706 3817 856 3876 memoria
886 3829 1010 3890 actum,
1039 3817 1097 3876 uisi
1118 3814 1201 3899 quod
1219 3816 1306 3898 pacis
1324 3814 1426 3873 Deum

302 3906 514 3987 exposcendae
532 3929 627 3970 eausa
647 3911 733 3970 tertio
756 3925 819 3970 tum
838 3925 907 3991 post
927 3910 1085 3972 conditam
1096 3913 1198 3972 urbem
1211 3908 1425 3970 lectisternium

295 3997 362 4078 fuit
383 4001 543 4081 (primum
563 4023 590 4062 a.
613 4000 650 4062 V.
672 4023 697 4064 c.
718 4002 882 4075 CCCLVI·
902 4013 933 4066 et
952 4003 1088 4066 eumdem
1113 4003 1153 4066 ob
1172 4023 1291 4066 causam
1311 4001 1427 4062 factum

305 4111 384 4166 esse,
403 4096 495 4157 tradit
516 4095 596 4157 idem
620 4097 683 4159 Liv-
697 4097 736 4174 V,
757 4100 846 4174 13.).·
869 4113 898 4160 et
918 4102 1074 4184 quumvis
1094 4101 1193 4161 morbi
1211 4121 1265 4160 nec
1285 4098 1428 4158 Immanis

303 4187 439 4248 consiliis
458 4193 512 4253 nec
532 4213 588 4274 ope
607 4193 715 4255 diuina
745 4193 914 4271 levaretur,
942 4199 1024 4258 victis
1051 4197 1260 4279 superstitione
1289 4194 1427 4267 aniciis,

302 4279 372 4344 ludi
390 4289 648 4372 quoquetsccnici,
670 4311 748 4366 nova
767 4313 815 4354 res
835 4289 974 4354 bellicoso
985 4293 1098 4378 populo
1122 4301 1218 4366 (nam
1235 4291 1320 4354 Circi
1332 4285 1426 4350 niodo

304 4381 628 4476 &malumfleret
641 4395 681 4474 i,
707 4389 789 4461 tate.
817 4385 885 4460 alio
902 4387 1038 4462 caelestis
1056 4389 1123 4463 aas
1136 4389 1316 4481 placamina
1335 4383 1427 4454 insti·
