3108 5494
365 381 367 388 ’
466 508 472 520 .
559 391 712 468 steina
748 403 775 470 1.
1172 403 1231 510 ¹7·

93 597 293 681 Poenitet.
304 598 570 711 -Experiam
586 603 680 713 quid
698 607 931 688 concedatur
948 599 990 688 in
1007 609 1115 709 ilica,
1180 639 1237 708 no'

93 727 281 820 Quorum
304 721 488 800 Flaminia
514 730 655 830 tegitur
680 730 774 806 oinis
800 747 913 834 atque
940 734 1085 810 Latina.

93 928 188 982 uinus
204 939 270 1000 epte.
289 929 356 982 Nem
369 931 484 1001 gebennas
499 947 546 1000 per
557 945 584 984 se
598 947 641 983 es·
691 931 790 997 nimut,
809 951 867 988 sero
880 936 960 991 ninsis
978 937 1120 992 inbellem
1138 939 1231 996 abiisse

93 1013 149 1082 piet
171 1017 237 1066 satis
258 1018 430 1068 sententium
450 1018 561 1090 atterunt
578 1035 642 1071 vero
692 1019 823 1090 poenitet3
845 1031 871 1074 et
889 1023 925 1096 ite
940 1038 1001 1076 senc
1021 1024 1124 1078 videtur
1143 1028 1231 1083 Schola

92 1109 154 1149 nete
170 1100 263 1163 udos,
277 1099 331 1152 scil.
348 1101 462 1164 inflatae,
483 1111 520 1154 est
539 1101 638 1172 aptissi-
692 1115 765 1158 vetus
784 1104 890 1177 legisse,
913 1125 995 1176 qusint
1018 1111 1125 1180 explieat
1142 1121 1225 1166 meta·

92 1196 182 1236 muns.
196 1216 216 1246 ,‚
231 1186 455 1239 Conal'Commen.
469 1187 643 1238 Exanimantc
692 1189 817 1259 phocam:
837 1193 909 1243 tarde
927 1198 1035 1262 poenitet
1046 1195 1166 1248 indixisse
1176 1197 1229 1250 bel·

92 1268 151 1318 arba
164 1269 203 1332 11,
216 1267 289 1338 prob.
303 1269 431 1321 Schureil.
445 1268 517 1322 cuins
531 1281 590 1322 nota
603 1277 642 1324 est
691 1274 743 1325 lum
750 1313 760 1337 ,
781 1293 856 1347 prum
874 1279 926 1328 iam
951 1295 1037 1347 pagna
1057 1285 1197 1333 commissa.
1209 1319 1227 1346 ,.

93 1352 177 1406 besee
199 1355 269 1406 “als
284 1361 375 1426 enetos
382 1392 392 1418 ,
416 1371 497 1424 quum
510 1353 571 1407 tuba
587 1353 640 1408 iem
690 1357 776 1411 Immo
791 1357 879 1414 schol.
898 1359 961 1434 legit
974 1363 1101 1417 animante
1114 1367 1171 1420 taba
1184 1375 1229 1421 ant

14 1509 15 1512 Ἴ
93 1437 216 1494 militem
233 1439 320 1493 sonitu
332 1455 379 1492 suo
393 1448 492 1494 tentum
507 1457 560 1493 non
574 1457 640 1493 exe·
691 1455 748 1494 arae
761 1441 838 1496 tubas.

501 1922 743 2002 SATIRA·
778 1925 824 2000 Π.

539 2173 792 2231 ARGVMENTVM

136 2345 245 2423 Magna
262 2364 327 2402 neme
345 2343 442 2402 Romae
454 2359 488 2402 est
498 2352 660 2422 pessimorum
671 2349 801 2404 annitendo
821 2349 963 2416 bominem,
978 2357 1029 2426 qui,
1045 2355 1114 2408 uultu
1131 2367 1154 2408 et
1166 2371 1223 2408 ser·v

99 2452 180 2486 mone
196 2439 298 2503 speciem
312 2435 449 2502 sapientiae
467 2453 498 2486 ac
516 2433 612 2485 uirtutis
628 2431 690 2504 prae
707 2451 732 2485 sc
742 2435 866 2504 ferentes,
882 2437 962 2502 vitia,
975 2437 1059 2508 quibus
1076 2441 1125 2507 ipsi
1138 2437 1225 2490 indul·
1312 2444 1315 2453 “

14 2575 16 2590 Ι
101 2525 168 2583 gent
182 2535 255 2586 mam
264 2517 381 2578 nmxime,
393 2515 474 2566 verbis
482 2518 613 2590 poenisque
623 2519 756 2586 castigant,
771 2520 852 2568 tristes
863 2519 890 2568 in
899 2519 1008 2586 publico,
1023 2519 1094 2569 dorni
1103 2519 1229 2573 obscoeni.

101 2615 129 2647 ν.
145 2600 238 2651 t—28.
252 2595 336 2669 Neque
350 2597 379 2648 id
389 2600 495 2650 mirum.-
509 2617 569 2648 nam
578 2602 743 2668 perniciosum
753 2597 822 2650 leuius
832 2599 995 2652 simulationis
1004 2601 1141 2670 exemplum
1150 2600 1229 2654 Prin·

101 2699 162 2750 ceps
175 2691 199 2732 et
214 2677 304 2733 Censor
315 2672 426 2744 adverus,
437 2665 535 2750 tropico
555 2699 632 2752 nuper
646 2681 753 2750 pollutus
766 2681 890 2734 adadterio
897 2722 906 2747 ,
925 2683 1022 2753 edidit,
1034 2683 1101 2754 quod
1115 2693 1228 2737 certatim

101 2764 232 2814 imitantur
242 2777 366 2815 senatores
379 2763 520 2826 mirabiles,
534 2767 576 2834 qui
588 2763 775 2815 muliebriatam
782 2763 909 2833 facientes
921 2783 996 2834 quam
1009 2770 1138 2835 patientes,
1150 2779 1174 2817 et
1185 2784 1227 2819 se-

100 2845 351 2916 ricisperlucidisque
370 2846 475 2897 vestibus
495 2845 575 2897 induti
595 2843 728 2896 mollitiem
751 2857 835 2896 tamen
859 2851 939 2897 acrius
964 2851 1100 2917 increpant.
1119 2851 1229 2903 29-78.

105 2924 202 2978 Harum
215 2929 334 2997 contagio
348 2929 460 2997 oniasque
474 2944 533 2978 mox
545 2926 641 2977 ordinis
655 2939 678 2976 et
694 2945 764 2978 senus
780 2925 892 2979 bomines
905 2927 986 2979 trahet
999 2929 1164 2995 (78-8t.),
1178 2931 1228 3000 ipsi

108 3027 167 3061 vero
175 3005 317 3079 paulatim,
332 3021 357 3060 ut
371 3007 449 3078 vulgo
461 3009 495 3077 sit
503 3047 513 3072 ,
527 3009 558 3059 ab
571 3007 618 3058 itta
630 3009 779 3078 turpitudine
797 3007 832 3059 ad
848 3011 969 3060 maiorem
987 3003 1148 3072 delabentur,
1166 3013 1229 3062 etin

107 3095 254 3142 consortium
261 3089 400 3161 foedorum
414 3089 613 3160 muliebriumque
625 3091 772 3158 recipientur
784 3091 909 3154 virorwn,
923 3095 979 3162 qui,
994 3109 1087 3154 sexum,
1102 3089 1229 3158 habiturn,

103 3185 231 3236 arrmtwn,
260 3170 369 3234 vultum
391 3175 457 3224 vocis
471 3169 608 3224 exilitatem
625 3175 788 3241 incessumque
800 3176 959 3246 seminarum
982 3175 1138 3239 mentientes,
1156 3191 1229 3226 sacra

104 3255 192 3308 Bonae
206 3255 279 3306 Deae
296 3251 434 3320 celebrant,
456 3263 493 3316 et,
512 3253 619 3307 Otbonis
631 3250 793 3324 Imperatoris
814 3255 945 3326 exemplo,
958 3260 984 3306 in
1005 3259 1065 3324 ipsis
1079 3261 1165 3309 castris
1188 3255 1231 3308 vel

14 3383 15 3392 ,
102 3337 205 3408 spectabis
222 3347 335 3404 utaentur,
349 3339 387 3388 uel
404 3336 495 3402 faciem
513 3335 594 3388 derunt
604 3357 669 3408 pane
682 3337 793 3388 madido.
810 3343 889 3390 tit—t
898 3345 905 3386 t
914 3345 938 3388 4.
963 3333 1025 3389 Non
1039 3337 1125 3390 desunt
1138 3344 1213 3391 etiam
1220 3378 1229 3404 ,

14 3437 16 3464 3
102 3419 145 3472 beu
158 3419 251 3492 nefas!
268 3424 337 3483 viri,
352 3421 415 3492 iique
427 3437 522 3473 somnae
535 3419 589 3471 loeo
609 3421 679 3481 nati,
694 3439 725 3471 ac
738 3420 891 3485 sacerdotes,
907 3423 949 3492 qui
962 3422 1023 3472 elata
1036 3421 1095 3472 dote
1108 3425 1168 3473 viris
1179 3441 1230 3473 rtu-

14 3529 16 3540 ·
102 3501 167 3566 lan,
182 3501 296 3572 nihilque
309 3501 495 3572 neagisdoient,
508 3521 582 3573 qaam
592 3501 659 3573 quod
668 3513 785 3573 nequeunt
792 3519 888 3570 parcre.
901 3505 1042 3554 tta-tet.
1060 3502 1136 3572 Quod
1147 3515 1232 3554 tenura

14 3589 16 3634 L
103 3587 213 3636 omnitrm
227 3587 396 3654 turpissimam
410 3595 444 3635 est
456 3604 486 3635 ac
499 3595 612 3654 portento
623 3583 721 3646 simile,
735 3587 813 3647 viros,
828 3603 919 3653 garrera
932 3595 955 3636 ct
969 3583 1098 3636 nobilitate
1111 3585 1180 3636 buius
1193 3587 1229 3636 ci·

104 3669 186 3719 uraris
204 3663 290 3738 facile
305 3669 446 3737 principes,
459 3685 510 3718 non
529 3668 605 3737 pudet
619 3665 790 3737 gladiatorum
810 3677 834 3716 et
853 3666 893 3716 vel
913 3667 1085 3730 retiariorum,
1099 3667 1141 3734 qui
1158 3665 1229 3718 nuda

99 3747 171 3820 socie
184 3761 312 3820 pugnant,
324 3761 408 3819 partes
419 3765 503 3818 agere.
523 3751 666 3800 tes-tae.
681 3747 751 3817 Quae
761 3759 871 3798 monstra
882 3747 1022 3812 bominum,
1035 3751 1056 3799 si
1067 3765 1129 3798 vera
1142 3757 1230 3811 essent,

14 3831 15 3834 ’
106 3847 166 3900 arrae
176 3829 210 3879 de
222 3825 345 3880 Mortibus
358 3843 381 3880 et
392 3828 479 3902 injicis
488 3830 575 3898 poitae
580 3825 745 3897 fabulantur,
767 3829 894 3898 adspicere
907 3827 969 3879 olim
985 3831 1012 3880 in
1024 3827 1092 3878 Orco
1106 3827 1233 3879 horrerent

14 3891 16 4012 l

107 3908 190 3977 (lati,
204 3909 319 3964 Fabricii
331 3911 423 3981 aliique
434 3919 557 3980 spectatae
564 3913 658 3962 virtutis
669 3911 725 3960 viri.
741 3913 882 3962 tao-tos.
903 3909 972 3980 Quid
982 3913 1048 3961 enim
1065 3909 1176 3979 prodest,
1185 3913 1232 3960 im·

107 3999 200 4066 peritum
214 4009 324 4048 nostrum
338 3997 403 4048 orbis
416 4009 535 4046 terrarum
549 3996 661 4046 terminis
672 3993 775 4064 definiri
782 4032 791 4055 ,
804 3995 826 4043 si
839 3993 955 4044 barbaros
964 3995 1084 4064 populos,
1099 4013 1158 4064 quos
1171 3993 1230 4042 viai·

109 4099 166 4131 mus
178 4083 269 4142 arnus,
284 4085 360 4132 etiam
373 4085 439 4132 vitiis
449 4097 604 4149 superamus,
618 4089 641 4129 ct
658 4077 796 4147 peregrini,
813 4080 855 4146 qui
865 4076 899 4126 ad
912 4096 956 4128 nos
972 4087 1155 4138 commearunt,
1174 4095 1233 4128 naor

107 4161 219 4231 perditos
229 4163 334 4214 induunt
352 4181 433 4213 mores
445 4171 542 4211 nostros
555 4171 627 4229 atque
640 4162 666 4209 in
684 4158 791 4227 patriam
806 4173 874 4208 snam
885 4157 1021 4227 referunt?
1041 4160 1184 4208 tao-470.

142 4245 185 4296 De
200 4243 270 4296 ineius
284 4242 385 4298 Satirae
397 4261 492 4295 summa
504 4263 534 4294 ac
545 4243 724 4311 descriptione,
738 4237 770 4290 de
780 4243 891 4308 partium
904 4243 1072 4291 convenientia
1086 4249 1109 4290 et
1122 4237 1234 4309 artificio

113 4327 280 4398 dispositionis
292 4367 301 4390 ,
318 4327 411 4378 callide
425 4323 629 4386 artemeelantis,
638 4325 739 4392 egregie
750 4321 885 4390 disputavit
899 4319 1020 4373 Heinriclr
1033 4323 1060 4372 in
1073 4325 1233 4392 acceperim.

117 4406 278 4461 Commentat.
289 4411 317 4461 in
330 4407 414 4461 quen.
426 4407 524 4460 Satires
536 4430 564 4479 p.
576 4415 591 4461 6
603 4425 653 4477 seq.
668 4405 707 4456 ubi
721 4403 780 4455 leaeo
794 4403 923 4473 leguntur:
942 4423 952 4454 n
963 4405 1006 4458 De
1018 4401 1173 4474 pbilosophis
1186 4405 1231 4456 ob·

111 4477 201 4547 moenis
214 4497 263 4563 agi
277 4511 300 4544 ν.
313 4495 404 4550 4-65.
419 4505 442 4548 et
455 4493 498 4547 laos
508 4511 559 4546 esse
573 4489 656 4546 tristes
666 4489 820 4554 obscoenos,
833 4487 943 4542 clamant
959 4505 1007 4542 nno
1020 4506 1078 4553 ore,
1092 4481 1235 4559 auicumque

212 4577 296 4650 Ira.
314 4577 341 4652 I.
583 4689 585 4694 Ι
1104 4573 1135 4645 Β
