3078 5494
261 474 264 482 Ι
331 355 424 455 236
788 363 1031 450 ivvurttcts

328 595 544 670 Exstinctus
563 585 640 664 toto
659 589 803 693 puriter
820 613 905 662 cum
924 585 1033 692 prole
1052 585 1243 689 domoque

328 714 399 802 Et,
425 709 593 814 quumvis
610 703 724 808 longa
749 703 922 779 deductis
949 723 1060 807 gente
1077 760 1086 796 ,
1105 706 1347 809 propinquis.

328 831 403 904 Hes
429 830 573 934 patitur
599 848 739 928 poenes
765 821 949 926 peccandi
975 820 1054 898 sola
1080 819 1266 897 voluntas.

329 949 423 1022 Nam
450 942 571 1022 scelus
598 944 698 1015 intra
725 965 763 1014 se
790 941 947 1014 tacitum
972 941 1043 1042 qui
1069 939 1209 1040 cogitat
1234 937 1385 1026 ullum,

327 1063 432 1137 Facti
452 1063 596 1134 crimen
616 1055 751 1130 habet:
772 1055 888 1145 cedo,
906 1057 934 1129 si
954 1071 1089 1128 conata
1109 1055 1284 1156 peregit?
1406 1089 1454 1138 ιω

326 1180 516 1279 Perpetua
537 1174 701 1247 anxietas
721 1197 793 1244 nec
813 1195 962 1244 mensae
981 1186 1150 1272 tempore
1171 1185 1310 1264 cesset,

326 1292 513 1366 Faucibus
541 1305 585 1363 ut
612 1287 744 1360 morbo
771 1289 876 1360 siccis
904 1288 1080 1384 interque
1108 1283 1266 1359 molares

326 1405 476 1482 Difficili
503 1419 694 1480 crescente
721 1399 829 1476 cibo:
857 1399 922 1476 sed
949 1402 1033 1477 vinu
1060 1397 1220 1474 misellus
1312 1455 1314 1457 -

325 1515 508 1627 Exspuit3
533 1517 669 1593 Albani
696 1519 831 1592 veteris
857 1519 1020 1621 pretiose
1046 1531 1216 1590 senectus

319 1636 517 1744 Displicet.
543 1632 725 1710 Ostendes
752 1631 906 1722 melius,
932 1631 1148 1742 densissima
1176 1656 1271 1731 ruga
1397 1663 1448 1712 245

326 1757 483 1855 Cogitur
509 1755 550 1824 in
576 1751 761 1839 frontem,
787 1747 893 1826 velut
918 1749 996 1821 acri
1014 1745 1127 1820 ducta
1146 1745 1319 1819 Falerno.

325 1874 443 1948 Nocte
469 1868 621 1946 brevem
646 1867 677 1941 si
702 1865 801 1940 forte
827 1864 984 1952 indulsit
1006 1885 1101 1938 ¹cure
1128 1889 1303 1966 soporem

324 1990 374 2062 Et
398 2001 479 2062 toto
506 1998 650 2058 versuta
677 2001 762 2058 toro
788 1982 862 2054 iem
890 1979 1055 2054 membra
1081 1982 1304 2081 quiescunt,

318 2105 516 2211 ‘Continuo
535 2097 717 2203 templum
736 2114 775 2172 et
792 2095 921 2176 violati
939 2097 1100 2172 numinis
1118 2123 1199 2171 aras

326 2325 431 2395 editu),
450 2343 516 2396 quse
529 2326 623 2394 templo
638 2323 720 2394 digua
741 2331 861 2394 apparet,
945 2327 1004 2376 243.
1019 2319 1104 2375 Setina
1124 2321 1232 2374 muetto
1248 2321 1373 2390 Exrpuit,
1391 2321 1440 2372 At·

329 2421 374 2464 tut
382 2430 436 2464 vox
446 2410 628 2480 diguatemplo
636 2409 718 2479 adyti.
732 2406 862 2460 Neutrum
911 2407 969 2460 bani
985 2411 1075 2458 veteris
1086 2411 1192 2477 pretioso
1204 2419 1313 2458 senectus
1324 2407 1445 2476 Displicet

327 2485 470 2548 tolerabile.
478 2532 498 2558 ,‚
513 2495 566 2546 Huc
577 2511 640 2546 vero
652 2491 798 2545 coniectura
809 2508 863 2542 nou
912 2489 940 2542 iu
963 2489 1047 2542 Klotz.
1074 2489 1145 2542 Actis
1169 2488 1290 2542 litorariis
1315 2488 1446 2560 ingeniose

327 2595 391 2647 opus
413 2593 466 2630 esee
490 2585 579 2627 monet
599 2575 676 2627 Heio.
699 2591 781 2644 quum
801 2591 860 2626 sen·
879 2608 884 2622 ·
913 2578 981 2645 conj.
995 2573 1035 2626 Cl.
1046 2572 1132 2640 Herel,
1145 2574 1189 2643 qui
1199 2574 1264 2627 bene
1275 2585 1376 2636 monet,
1386 2575 1446 2624 hoec

326 2680 371 2714 sus
383 2661 431 2713 sit:
449 2677 543 2730 poenus
563 2657 627 2712 dans
646 2661 759 2730 probavit
776 2677 864 2710 vocem
915 2659 969 2712 vini
983 2677 1075 2730 genera
1085 2661 1161 2710 etium
1174 2678 1229 2728 sup.
1239 2661 1271 2725 V,
1283 2664 1327 2720 33,
1339 2665 1380 2711 34.
1391 2676 1448 2710 cou-

274 2769 275 2774 =
328 2745 403 2813 adyti
410 2781 420 2806 ,
443 2739 640 2794 ientaculum
660 2741 696 2794 ita
720 2741 815 2808 luisse,
834 2751 864 2792 ut
915 2743 996 2813 iungi,
1010 2753 1035 2794 et
1045 2744 1090 2795 sed
1108 2741 1134 2795 h.
1151 2741 1167 2794 l.
1181 2745 1299 2813 ineptum
1311 2761 1379 2806 esse,
1392 2745 1448 2795 uiuo

328 2824 525 2895 enpeeur'rpar
539 2833 593 2887 est,
612 2835 642 2878 ut
658 2823 783 2893 etemplu
796 2823 865 2878 mitti
916 2838 1004 2880 eutem
1022 2823 1184 2894 simpldicta
1197 2845 1251 2879 uon
1267 2825 1327 2878 setis
1341 2845 1446 2895 respon·

329 2908 415 2962 debet.
790 2907 792 2914 ’
916 2907 1096 2972 ἆειιιιοιιείΙὶο
1113 2909 1275 2979 ροὲιιε,(ιιιὶ
1289 2907 1407 2978 idsgat,
1422 2919 1449 2962 ut
1527 2909 1528 2934 ¹

364 2997 421 3046 206.
435 2995 531 3061 puriter
547 3002 599 3042 toto
620 2994 660 3044 40.
678 2996 716 3044 46.
733 2995 771 3044 48.
784 2996 823 3044 ts.
833 3018 864 3031 -
916 2991 1050 3047 fastidiunt
1064 2991 1189 3061 exprimet
1203 2990 1354 3044 deliciarum
1369 2993 1450 3045 cuius·
1527 3017 1528 3056 3

329 3076 455 3144 *domoque
469 3078 509 3126 20.
564 3131 568 3140 ,
915 3095 1026 3144 eumque
1040 3075 1158 3145 generis,
1172 3076 1241 3145 quod
1255 3077 1347 3130 anxius
1362 3075 1450 3129 hubert

368 3163 424 3212 208.
447 3177 520 3210 saeva
535 3159 650 3228 voluptas
664 3162 702 3210 47.
716 3159 809 3211 2024.
823 3160 865 3210 22.
916 3159 997 3214 home
1009 3158 1160 3232 scelerisque
1186 3157 1234 3212 sibi
1255 3159 1382 3212 conscius.
1415 3163 1451 3212 De

332 3246 373 3293 24.
390 3245 548 3293 tutu-449.
561 3252 588 3294 et
600 3239 708 3293 dimidio
721 3259 778 3310 pars
791 3240 866 3294 MSS.
917 3241 963 3294 hac
976 3243 1119 3295 coniectura
1136 3241 1304 3295 Ruhnkenius
1318 3240 1385 3296 olim
1396 3261 1452 3314 gra·

335 3325 463 3378 Periu-
481 3323 634 3376 Boissouede
654 3323 686 3376 orl
711 3319 867 3390 Nicet'ffl,
918 3324 1014 3378 tulatus
1041 3334 1078 3376 est
1100 3323 1176 3384 docto
1201 3324 1255 3378 eius
1276 3325 1394 3390 auctori,
1412 3323 1452 3393 qui

332 3413 392 3464 ³32.
409 3429 433 3479 p.
448 3414 504 3462 479.
523 3408 688 3462 “Achuiutre
700 3409 816 3475 notavit,'
827 3429 869 3464 co·
917 3429 963 3480 per
977 3409 1061 3462 literas
1078 3408 1103 3461 id
1122 3409 1188 3462 mihi
1209 3409 1374 3481 significurit.
1401 3413 1452 3462 Eu·

331 3493 401 3562 dices
427 3490 521 3544 multos
547 3492 641 3546 hebere
667 3512 742 3546 santa
761 3503 787 3546 et
800 3503 869 3546 certe
919 3494 981 3546 dem
995 3495 1111 3546 firmetur
1125 3491 1188 3557 elio,
1204 3493 1249 3562 qui
1262 3493 1329 3546 mihi
1348 3511 1451 3546 sucoru-

330 3575 387 3629 sota
423 3584 561 3645 proestare.
601 3576 727 3644 Equidem
756 3577 784 3629 iu
811 3575 868 3629 cod·
918 3579 970 3644 rit,
996 3582 1085 3648 poitue
1103 3576 1184 3630 nostri
1208 3576 1263 3630 loeo
1283 3595 1341 3646 sup.
1355 3579 1396 3640 X,
1414 3581 1453 3630 27.

332 3659 704 3723 ΤΙιιιιιιι.ιιοιιιαοναῐιιιειιί,
718 3661 873 3728 ιεᾶισαενα,
919 3663 991 3728 (toto
1010 3661 1119 3714 Setinum
1143 3661 1240 3713 ardebit
1260 3662 1286 3712 iu
1307 3663 1393 3728 auro)
1411 3657 1453 3711 uhi
1527 3675 1528 3700 ι

333 3742 402 3811 quod
418 3752 457 3795 est
470 3743 608 3812 optimum.
622 3741 728 3796 Seuerus
743 3755 781 3796 est
794 3745 872 3796 Gree-
921 3744 1031 3798 Setinum
1039 3765 1076 3805 sc.
1094 3746 1186 3796 vinum
1207 3744 1319 3808 dicitur,
1342 3753 1372 3796 ut
1392 3745 1418 3795 lr.
1437 3742 1452 3794 l.
1527 3781 1528 3816 t

299 3825 304 3838 '
330 3843 424 3877 corum
438 3825 539 3886 σκαιὸς,
561 3823 634 3878 ouius
660 3823 707 3876 hoe
723 3836 783 3878 sunt
803 3825 871 3878 iuter
921 3827 1015 3882 Setina.
1031 3831 1108 3880 Forte
1122 3827 1198 3880 etism
1213 3827 1345 3896 epitheton
1355 3831 1452 3887 veteris,

331 3905 394 3960 alies
424 3907 492 3979 apud
518 3909 629 3982 Hesych.
654 3908 871 3979 significationes:
921 3913 962 3965 cui
981 3929 1073 3982 purum
1086 3921 1142 3982 epte
1156 3911 1183 3962 h.
1202 3911 1220 3962 l.
1237 3901 1344 3964 serrectui
1366 3909 1450 3979 iungi·
1526 3929 1528 3978 ι

334 3990 462 4063 πονηρὸς,
483 3991 574 4058 κακὸς,
600 3989 724 4059 Recte„
748 3993 872 4047 conieci
921 4005 1011 4058 tur,e
1033 3993 1114 4064 glossa
1132 3993 1241 4063 irreruit.
1256 3993 1453 4048 Similistameu
1526 3981 1528 3994 ⁴

333 4076 386 4127 Set.
400 4077 434 4139 X,
448 4080 508 4130 236.
521 4077 622 4128 iuVar.
635 4079 706 4130 Lect.
919 4077 1017 4147 possim
1031 4077 1058 4126 in
1073 4075 1156 4143 pottis
1168 4074 1253 4127 obvia.

369 4163 427 4212 240.
451 4160 525 4212 credo
549 4165 592 4214 tt.
617 4165 658 4213 ts.
679 4169 705 4212 et
726 4159 778 4213 duo
791 4157 866 4214 cotld.
954 4163 1011 4213 248.
1037 4173 1132 4211 vexata
1156 4163 1198 4210 24.
1216 4187 1251 4200 -·
1267 4157 1335 4228 soro
1362 4167 1403 4212 77.
1424 4183 1452 4196 -·

333 4243 413 4296 Paris.
426 4245 468 4295 diu
480 4261 527 4312 pro
540 4245 603 4296 cerlo
618 4245 660 4296 22.
674 4261 705 4296 ex
716 4243 852 4314 interpret.
918 4247 1042 4317 quiescant
1062 4251 1102 4300 40.
1121 4250 1162 4299 23.
1182 4249 1224 4298 27.
1244 4249 1283 4296 to.
1303 4252 1345 4298 47.
1356 4250 1396 4299 48.
1411 4249 1448 4296 50.

372 4330 430 4378 242.
442 4340 465 4378 et
478 4329 564 4380 urorbo
579 4332 618 4380 45.
633 4331 726 4382 4720.
742 4331 785 4384 23.
800 4333 869 4385 tto
920 4336 962 4385 ⁵8.
977 4335 1018 4385 64.

334 4409 418 4463 morbo
434 4417 473 4467 44.
485 4429 516 4463 ex
529 4412 617 4466 morbo
634 4413 677 4468 tt.
692 4415 734 4466 22.
953 4419 1012 4469 249.
1025 4429 1048 4470 et
1059 4417 1179 4488 templum
1193 4421 1234 4472 24.
1250 4445 1281 4458 -
1294 4433 1370 4470 otum
1383 4417 1424 4467 24.
