3078 5494
288 369 411 500 Ι246

734 439 953 501 ttt'ENttts

315 641 524 730 Lanificae,
550 637 696 716 modion
723 664 794 716 nee
820 635 980 713 multum
1006 636 1142 714 fortior
1170 670 1262 718 aura

314 761 466 834 Ventus
487 754 612 845 adest;
638 757 744 860 inopi
771 751 991 861 miserabilis
1018 771 1098 830 arte
1124 762 1294 834 cucurrit

313 873 491 948 Vestibus
509 871 705 962 extentis,
732 885 789 960 et,
817 868 922 970 quod
948 891 1190 973 superaverat
1216 898 1358 972 unum,

313 988 411 1064 Velo
437 1015 552 1092 prora
579 1015 665 1062 suos
695 989 767 1060 iam
793 983 1051 1062 deficientibus
1077 991 1242 1080 Austris,

313 1103 406 1207 Spes
433 1105 529 1182 vitae
549 1127 635 1176 cum
654 1100 732 1176 sole
758 1099 879 1175 redit:
895 1119 987 1176 ¹tum
1011 1119 1139 1203 gratus
1164 1103 1270 1197 I'ulo,
1406 1143 1446 1192 70

312 1221 438 1324 Atque
464 1218 657 1297 novercali
682 1217 786 1317 sedes
812 1216 980 1322 praelata
1006 1219 1167 1312 Lavino,

311 1338 552 1440 Conspicitur
578 1333 746 1412 suhlimis
772 1361 888 1437 aper,
907 1335 968 1407 cui
988 1334 1151 1410 eandida
1170 1361 1309 1410 nomen

312 1452 445 1531 Scrofa
466 1451 592 1542 dedit,
610 1450 716 1527 laet-is
734 1451 945 1552 Phrygibus
971 1450 1142 1525 mirabile
1169 1479 1302 1526 sumen

312 1571 363 1643 Et
380 1593 586 1672 numquam
606 1569 690 1645 visis
718 1567 873 1669 triginta
900 1563 1003 1640 clara
1027 1565 1212 1643 mamillis.

313 1685 483 1762 Tandem
504 1687 620 1760 intrat
637 1685 775 1788 positas
796 1681 939 1758 inclusa
956 1709 1028 1787 per
1046 1711 1212 1788 aequora
1231 1681 1348 1758 moles
1401 1721 1439 1768 75

313 1800 627 1906 Tyrrhenamque
648 1800 800 1874 Pharon
818 1817 1073 1901 porrectaque
1095 1800 1250 1874 brachia
1268 1827 1434 1892 rursum,

313 1919 418 2011 Quae
435 1913 570 2020 pelago
589 1931 798 1991 occurrunt
817 1913 941 1988 medio
957 1912 1149 2018 longeque
1166 1916 1388 2019 relinquunt

311 2031 470 2106 Italiam.
508 2033 594 2105 Non
620 2032 672 2104 sic
698 2030 814 2131 igitur
839 2029 1023 2104 mirabere
1050 2049 1204 2135 portus,

313 2149 416 2240 Quos
443 2162 578 2220 natura
604 2141 721 2219 dedit.
760 2141 840 2230 Sed
863 2161 998 2220 trunca
1025 2143 1358 2250 puppe'magister

313 2261 498 2337 Interiora
517 2260 612 2364 petit
631 2259 791 2332 Baianae
809 2262 937 2365 pervia
957 2259 1135 2363 cymbae,
1399 2301 1434 2350 ω

312 2477 315 2484 ’
350 2471 390 2518 66.
411 2481 462 2516 non
474 2463 551 2514 multa
564 2467 606 2515 74.
618 2479 668 2513 non
682 2462 785 2514 maltum
804 2466 845 2514 45.

315 2567 367 2601 non
385 2549 462 2599 multo
484 2550 523 2598 25.
542 2549 584 2598 27.
601 2549 711 2598 46-50.
738 2550 845 2598 54-69'.

316 2639 361 2684 74.
382 2634 424 2683 72.
443 2634 483 2682 74.
504 2630 540 2681 At
558 2626 595 2680 sic
613 2627 731 2680 turbatur
747 2626 845 2678 oratius

315 2729 379 2764 narn
395 2710 458 2763 haec
475 2703 663 2781 quoqueterha
676 2709 708 2760 ad
721 2709 845 2777 πρότασιν

314 2797 462 2866 pertinent,
476 2803 502 2846 et
511 2789 630 2854 ἁποδόσις
643 2803 681 2846 est
690 2811 714 2846 v.
727 2799 768 2846 64.
777 2797 846 2861 inopi

316 2879 463 2932 miserabilia
474 2885 522 2930 oet.

349 2967 392 3016 68.
402 2963 560 3026 artemisio.
577 2964 616 3009 44.
631 2961 673 3010 42.
689 2961 796 3010 45-27.
810 2963 842 3008 45

219 3031 222 3042 “
313 3049 391 3098 -so,
410 3045 520 3098 sr-ee.
538 3045 646 3093 rt-rs.
669 3045 698 3090 ut
723 3049 846 3092 menen

245 3201 248 3208 Δ
316 3145 371 3200 sup.
385 3147 409 3182 v.
426 3136 450 3183 5.

350 3219 392 3267 59.
409 3212 487 3266 Velut
499 3229 580 3280 prona
593 3215 635 3264 22.

352 3301 396 3349 70.
409 3307 466 3347 trum
480 3305 566 3364 gratus
581 3299 621 3346 48.
636 3297 677 3346 22.

345 3383 391 3432 73.
405 3377 485 3431 Vetus
501 3373 621 3429 Scholion
635 3385 686 3429 est:
704 3379 775 3429 “aut
793 3383 846 3430 mi-

313 3463 408 3524 rabile,
420 3459 481 3530 quia
494 3457 599 3531 triginta
609 3459 676 3511 setus
689 3457 787 3528 habuit;
802 3469 846 3512 rut

314 3545 466 3608 miserabile,
479 3542 548 3614 quod
559 3540 709 3593 miseratum
721 3540 846 3614 sirPhry·

313 3631 540 3702 ῥώμη-πωπω
565 3631 606 3678 29.
631 3626 701 3696 quod
733 3626 847 3679 arridere

309 3723 410 3784 potest,
429 3711 449 3764 si
464 3709 632 3774 memineris,
653 3727 742 3762 morer
765 3712 845 3778 politis

314 3794 418 3866 proprie
431 3793 479 3846 Dei
489 3792 650 3847 voluntatem
662 3790 765 3860 eiusque
779 3793 846 3846 indi·

312 3879 395 3943 oium,
414 3878 542 3931 monitum
555 3887 582 3930 et
591 3875 727 3930 oraculum
745 3875 803 3929 diei.
820 3897 845 3930 v.

312 3963 405 4032 Heyne
418 3961 449 4013 ad
470 3960 538 4031 virg.
553 3960 619 4012 Aen.
636 3961 693 4025 1,8.
710 3965 766 4013 433.
786 3967 844 4014 646.

309 4043 345 4106 11,
373 4049 430 4097 aas.
448 4037 492 4106 ttt',
515 4043 574 4098 ³72.
600 4043 646 4108 ιν,
669 4049 727 4096 stt.
749 4044 783 4106 V,
802 4047 843 4096 ss.

312 4126 369 4188 vu,
384 4133 439 4180 us.
455 4127 523 4189 vm,
537 4131 579 4179 rs.
593 4127 710 4191 meet.
725 4125 771 4189 xt,
784 4129 844 4179 rsa:

240 4257 242 4262 r
305 4200 433 4260 'Ceterum
447 4208 525 4262 verba
538 4210 612 4260 laetis
634 4206 779 4278 Phrygibus
791 4213 845 4259 mi·

311 4292 389 4344 ratite
406 4311 488 4345 namen
511 4291 653 4362 parenthesi
670 4294 736 4344 forte
756 4290 839 4344 iucluss

311 4373 408 4439 denda,
427 4375 548 4443 quoniam
576 4394 636 4428 mox
654 4373 772 4443 sequitur
789 4393 841 4426 vox

311 4461 396 4522 clara,
410 4477 473 4527 quae
485 4459 518 4512 ad
529 4462 640 4530 scrofam
653 4458 838 4513 reserendaest.

931 2464 972 2516 74.
982 2481 1101 2533 mrsqturm
1116 2469 1156 2517 46.

932 2551 972 2598 76.
989 2549 1128 2618 indumque
1146 2549 1248 2600 brachia
1274 2553 1434 2602 ⁴5.—nu·srrr

899 2631 1009 2684 40-42.
1024 2637 1131 2686 47-26.
1147 2635 1257 2685 45-50.
1280 2637 1428 2687 54-69.74

899 2717 972 2766 -74,
986 2733 1079 2766 sursum
1094 2713 1196 2766 emend.
1214 2714 1351 2768 Schrader.

932 2803 974 2850 77.
992 2809 1118 2849 occurrunt
1137 2798 1237 2850 restitui
1247 2811 1248 2816 ’
1258 2817 1290 2850 ex
1305 2804 1408 2850 47-49
1418 2817 1435 2851 a

898 2897 935 2930 m.
955 2899 1003 2932 see.
1018 2887 1059 2933 20.
1074 2885 1114 2933 24.
1135 2887 1177 2935 23.
1190 2888 1233 2935 24.
1252 2887 1295 2935 27.
1306 2885 1349 2936 48.
1364 2889 1433 2934 54-

898 2969 939 3016 68.
948 2969 976 3014 74
983 2971 1057 3018 -74,
1065 2975 1090 3017 et
1102 2963 1254 3033 quibusdam
1267 2964 1344 3017 codd.
1352 2965 1434 3018 Pate.

897 3055 926 3098 ut
938 3065 1026 3098 seusus
1037 3047 1085 3100 sit:
1102 3065 1167 3116 quae
1181 3047 1232 3100 alto
1258 3047 1324 3100 mari
1335 3048 1362 3099 in
1376 3065 1434 3100 eor·

890 3145 949 3181 noa
968 3131 1039 3198 quasi
1058 3141 1232 3200 coeunt‚‘ap.
1250 3131 1356 3182 Homer.
1378 3130 1432 3184 Od.

897 3213 931 3276 N,
951 3217 992 3266 97.
1017 3210 1063 3266 olio
1083 3212 1227 3283 προβλῆτες
1251 3213 1330 3267 ἀκταὶ
1344 3213 1435 3287 drepi-

896 3295 991 3368 ῥῶγις,
1012 3296 1108 3364 λιμένος
1130 3301 1346 3362 ποτιπεπτηυῖαι,
1361 3295 1390 3350 h.
1409 3315 1426 3350 e

896 3377 1145 3447 προσππαννῦοῡσαι
1171 3379 1264 3438 ἑαυτὰς
1286 3379 1353 3432 κατὰ
1384 3383 1433 3432 τοῦ

896 3458 1002 3528 inplere,
1009 3458 1141 3530 quomodo
1149 3457 1295 3513 haerverbe
1306 3459 1435 3529 interpre-

896 3549 964 3593 tatur
986 3541 1077 3610 Heyne
1093 3538 1125 3590 ad
1147 3541 1220 3608 Virg.
1243 3541 1309 3591 Aen«.
1331 3543 1353 3606 l,
1370 3543 1433 3594 4644.

897 3624 1057 3694 tohpelage
1070 3634 1167 3674 orrrrunt
1183 3631 1206 3676 4.
1219 3627 1258 3675 40.
1275 3631 1315 3676 44.
1328 3629 1368 3675 42’
1382 3630 1429 3678 44.

898 3713 937 3760 45.
957 3715 997 3762 46,
1013 3713 1044 3760 49
1058 3725 1071 3758 a
1084 3725 1120 3760 rn.
1140 3725 1178 3776 pr.
1193 3711 1235 3760 22.
1250 3711 1346 3772 imo,
1360 3713 1432 3762 45-

895 3799 938 3847 47.
953 3797 994 3845 49.
1006 3795 1047 3845 50.
1061 3797 1095 3846 69
1117 3795 1159 3845 70.
1173 3797 1214 3845 7⁵.
1230 3797 1272 3846 76.
1291 3799 1334 3846 77.
1348 3798 1390 3846 82.
1404 3803 1433 3846 el

895 3873 971 3928 multi
984 3873 1058 3928 codd.
1072 3875 1151 3928 Paris.
1169 3891 1235 3946 quae
1252 3873 1332 3928 verbu
1346 3873 1429 3946 vulgo

895 3970 1035 4029 exponunt:
1047 3958 1073 4010 in
1082 3958 1165 4011 altum
1175 3969 1332 4029 procurrunt
1343 3975 1428 4012 mare.

894 4041 1003 4108 (Schol.
1017 4051 1070 4094 vet:
1088 4046 1181 4094 intrant
1197 4059 1265 4094 mare
1289 4055 1315 4094 et
1329 4043 1428 4094 edmu-

894 4137 946 4177 tam
962 4137 1056 4176 terrum
1069 4125 1202 4192 solidam.)
1221 4124 1273 4179 Sed
1291 4125 1331 4180 lte
1344 4143 1372 4178 nr
1386 4123 1432 4178 vel

893 4229 938 4280 per
950 4210 1064 4279 pellrgm
1075 4209 1215 4262 dicendum
1226 4219 1290 4263 erat.

897 4309 901 4316 '
928 4299 970 4346 78.
990 4311 1034 4344 nee
1047 4296 1083 4344 eie
1103 4301 1142 4346 44.
1228 4309 1231 4314 “

927 4381 966 4430 80.
983 4379 1041 4430 Post
1060 4378 1163 4446 cymbae
1183 4385 1210 4430 et
1224 4365 1431 4448 'siumpunetum

891 4462 1005 4530 potitum·
1014 4459 1041 4514 in
1055 4464 1094 4516 72.
1109 4469 1134 4514 et
1147 4458 1221 4518 eliis..
