3046 5498
403 391 696 502 'nautuoavu
731 434 914 502 aceras·
1096 399 1226 504 'xlvii

78 663 172 728 prus,
192 641 426 729 philosophum
446 643 659 731 Gadareupm,
679 643 834 729 Cynicum
855 653 885 710 et
904 655 1122 732 mendositates,
1137 645 1221 710 ands

83 741 165 804 eam
200 751 279 802 tum
309 743 393 825 ipae,
422 752 487 804 tum
514 742 630 804 Satirae
650 743 715 804 eius
735 741 808 804 clim
829 743 1009 807 dicebantur
1038 747 1221 828 Menippeas

90 847 117 902 et
143 839 300 917 ctaycae.
336 841 424 902 llanc
443 849 474 902 et
491 829 770 902 denominationem
791 850 821 902 et
843 841 1039 902 imitationem
1061 842 1100 903 sd
1121 840 1220 903 solam

92 933 235 998 scribendi
269 956 371 1018 genus
403 937 527 1020 eiusque
560 935 792 998 similitudinem
825 947 991 1020 spectasse,
1015 938 1075 997 iam
1096 939 1220 998 monuit

92 1033 199 1094 Probas
216 1030 264 1091 ad
288 1031 416 1113 Virgilii
438 1033 501 1092 Ecl.
522 1032 575 1094 Vl.
598 1033 646 1095 his
666 1034 790 1118 verbis:
827 1036 931 1094 Varro
959 1036 1134 1118 Menippeas
1155 1055 1218 1095 raca

93 1151 113 1190 c
138 1129 309 1206 magistre,
341 1131 426 1190 euius
446 1143 531 1190 actas
550 1129 639 1213 louge
656 1145 886 1212 praecesserat,
906 1133 1099 1203 nominatus,
1123 1129 1177 1191 sed
1196 1151 1218 1192 a

92 1230 214 1288 muare
235 1227 385 1309 ingenii,
403 1225 488 1310 quod
504 1229 531 1286 is
550 1249 669 1310 quoquc
688 1231 851 1309 omnigeno
872 1230 1009 1289 carmine
1022 1228 1218 1309 expoliamus

92 1327 186 1385 meras
205 1345 310 1399 suas,
333 1324 400 1386 h.e.
428 1323 522 1385 libros
551 1345 640 1395 suos,
671 1325 817 1387 Romanis
845 1325 944 1386 satiris
971 1325 1109 1388 similes:
1145 1347 1216 1386 nam

89 1421 219 1496 Probus,
240 1443 313 1484 nou
336 1422 400 1504 ipse
420 1421 605 1504 Menippus,
627 1421 666 1481 itu
687 1441 739 1484 eos
760 1421 926 1504 appellasse
948 1423 1118 1486 censendus
1141 1433 1196 1486 est.

115 1518 268 1601 Menippi
292 1527 325 1579 et
343 1517 495 1578 Varronis
516 1517 657 1598 exemplo
678 1517 831 1578 crismati
853 1539 975 1599 prosam
996 1519 1081 1579 vario
1101 1519 1214 1580 carmi·

83 1611 122 1673 nis
134 1632 257 1694 genere
281 1623 439 1696 tamquam
461 1612 629 1673 interiectis
649 1611 813 1694 gemmulis
834 1612 1009 1674 castellulis
1029 1613 1216 1687 distinxere;

82 1727 145 1768 ac.
175 1707 343 1780 lulianus,
378 1715 442 1767 tum
475 1706 508 1767 iu
543 1705 648 1769 libello
669 1707 707 1769 de
731 1708 931 1784 Caesaribus,
962 1709 995 1770 in
1017 1729 1079 1791 quo
1099 1709 1217 1792 primos

84 1803 269 1886 perstrinxit
290 1802 508 1884 Imperatores,
529 1811 594 1862 tum
617 1805 648 1864 ia
663 1803 784 1880 Satira,
805 1805 854 1865 cui
877 1803 981 1868 titulus
995 1813 1039 1864 est
1052 1804 1216 1875 uaemayaa

86 1923 106 1962 a
123 1899 243 1962 barbae
269 1921 351 1976 osor,
375 1909 404 1962 et
426 1899 457 1959 in
478 1921 538 1982 qua
562 1899 670 1962 acerbe
691 1901 806 1962 notarit
821 1921 922 1963 mores
944 1899 1217 1975 Antiochensium,

93 1996 200 2079 quibus
222 1996 342 2070 barba,
363 2016 458 2077 qnam
479 1995 586 2070 alebat,
606 1995 739 2058 ludibrio
759 1997 867 2058 fuerat:
886 1997 921 2062 L.
934 1997 1077 2058 Annaeus
1088 1995 1215 2070 Seneca,

89 2093 116 2154 in
135 2093 333 2176 lepidissimo
353 2093 426 2154 ludo
448 2091 487 2154 de
508 2097 608 2154 uiorte
630 2090 752 2152 Claudii
773 2091 929 2167 Caesaris,
957 2092 989 2152 in
1010 2113 1072 2176 quo
1093 2093 1217 2154 coutin-

89 2191 148 2272 git,
168 2191 260 2252 bunc
282 2191 416 2271 ingentis
436 2191 567 2272 stuporis
590 2189 746 2250 hominem
768 2209 831 2252 uon
853 2190 884 2249 iu
906 2188 999 2265 deos,
1025 2189 1077 2250 sed
1106 2190 1138 2250 in
1159 2211 1223 2251 cu·-

26 2344 28 2351 ,
90 2284 225 2346 corbitae
256 2284 387 2346 relatum
407 2304 486 2345 esses
516 2305 587 2344 uam
615 2305 669 2345 esu
701 2285 840 2346 venenati
862 2281 979 2357 boleti,
1014 2283 1170 2345 sanatam
1191 2305 1217 2345 s.

94 2379 266 2444 ausser,
290 2379 457 2454 Claudius,
471 2377 561 2442 huius
575 2379 636 2442 cibi
657 2379 860 2451 avidissimus,
885 2379 1009 2460 periisse
1022 2377 1218 2454 credebatur,

26 2489 28 2536 t
94 2483 128 2536 et
148 2475 240 2559 inepti
255 2475 397 2536 homines
416 2476 582 2537 cucurbitis
602 2477 773 2558 comparari
793 2473 932 2536 solebant
960 2473 1148 2547 (cucurbitae
1169 2494 1218 2534 ca·

92 2579 150 2653 put
172 2571 281 2632 habere
301 2571 452 2633 dicuntur
472 2571 562 2652 Apul.
587 2573 664 2636 Met.
685 2571 711 2631 1.
737 2591 769 2654 p.
794 2593 860 2652 uoq.
882 2569 929 2632 ed.
952 2569 1107 2643 Elmenls.)
1136 2569 1217 2630 unde

89 2670 205 2731 Seneca
226 2669 364 2730 libellum
386 2691 474 2730 suum
489 2689 552 2730 non
572 2668 731 2743 Setis-cm,
754 2687 853 2751 neque
874 2664 1026 2729 destinae,
1041 2665 1093 2728 sed
1114 2664 1212 2720 decue·

87 2762 243 2818 betarum
264 2765 363 2826 facete
384 2764 559 2846 inscripsit:
591 2766 629 2826 Τ.
652 2762 810 2824 Petronius
829 2761 953 2824 Arbiter
975 2761 1213 2838 (Massiliensis,

89 2860 226 2939 equestri
243 2879 357 2942 genere
375 2869 484 2935 natus,
500 2859 687 2935 consularis,
703 2859 820 2920 Neroni
833 2859 990 2920 familiaris
1004 2867 1034 2920 ct
1047 2858 1218 2942 elegantiae

85 2955 216 3030 arbiter,
252 2956 306 3017 sed
340 2955 459 3017 artibus
484 2942 637 3038 'Tigellini
667 2955 781 3016 aemuli
806 2954 846 3015 ad
871 2963 1002 3016 mortem
1026 2957 1216 3039 compulsus,

83 3073 176 3134 qnam
199 3053 259 3114 sibi
285 3052 389 3128 lente,
410 3052 511 3114 incisis
537 3052 641 3128 senis,
662 3052 783 3124 intulit;
813 3051 852 3112 de
881 3075 945 3135 quo
976 3075 1004 3114 v.
1036 3055 1112 3116 Tac.
1135 3061 1217 3117 Aua.

82 3147 179 3222 th,
208 3150 257 3212 18.
284 3161 341 3234 sq.)
362 3150 394 3210 iu
416 3149 547 3211 Setis-ico
570 3149 617 3210 vel
638 3149 789 3210 Satiricon
803 3149 908 3222 libris,
930 3150 959 3208 in
981 3149 1092 3231 quibus
1115 3171 1216 3214 rueres

1 3309 2 3326 2
79 3265 153 3307 ruse
173 3245 303 3318 aetatis,
331 3247 496 3328 praecipue
521 3244 696 3318 avaritiam,
731 3243 857 3316 luxum,
886 3245 1061 3326 superbiam
1090 3245 1213 3329 aliaque

1 3347 2 3410 ζ
79 3341 168 3412 uitia,
192 3341 364 3404 discordias
385 3341 523 3423 bellaque
549 3339 649 3402 civilia
670 3339 824 3422 gignentia
853 3349 884 3400 et
904 3340 948 3400 rei
971 3341 1111 3423 publicae
1132 3365 1215 3404 con·

1 3435 2 3442 '
79 3435 259 3497 versionem
284 3437 431 3498 minantia
459 3435 537 3519 stylo
571 3434 706 3496 mordaci
738 3443 769 3496 et
789 3434 880 3516 plano
903 3434 1067 3509 describit,
1092 3438 1215 3500 insertis
1271 3474 1275 3482 =

77 3533 193 3616 passim
216 3535 428 3612 carminibus,
451 3533 543 3596 modo
563 3531 774 3614 longioribus,
794 3534 875 3613 inpr.
898 3531 937 3594 de
956 3533 1039 3594 bello
1059 3535 1143 3595 civili
1164 3536 1210 3598 vel

77 3629 116 3690 de
138 3630 319 3692 mutatione
339 3631 385 3692 rei
406 3629 568 3713 publicae,
588 3627 681 3688 modo
694 3627 904 3699 brevioribus;
925 3627 1007 3688 unde
1022 3627 1216 3710 intelligitur,

77 3743 151 3783 sum
183 3745 251 3784 non
283 3725 378 3808 magis
405 3724 600 3795 Varronem,
635 3742 725 3806 qaam
756 3719 911 3782 Lucilium
943 3721 999 3782 sihi
1025 3722 1211 3802 imitandum
1318 3765 1321 3772 a

78 3820 281 3902 proposuisse
300 3830 331 3882 et
344 3841 459 3884 noram
481 3819 607 3906 aliquod
629 3821 818 3900 mixtumque
831 3818 945 3880 Satirse
959 3837 1054 3900 genus
1068 3827 1212 3880 tractasse

80 3915 130 3988 (ad
151 3914 240 3997 quod
261 3925 362 3978 tamen
388 3915 498 3978 luliaui
519 3937 645 3999 quoque
670 3923 701 3974 et
719 3914 853 3975 Senecae
873 3911 969 3974 libelli
989 3911 1082 3974 modo
1103 3911 1216 3974 laudati

80 4011 219 4094 quodam
240 4011 335 4073 modo
355 4013 467 4072 referri
483 4021 629 4095 passusne
651 4009 824 4070 Marcianus
845 4007 967 4069 Mineas
989 4007 1074 4069 Felix
1087 4008 1214 4090 Capella

7 4158 9 4171 i
79 4109 294 4171 Madaurensis
309 4109 358 4172 acl
370 4107 629 4191 Carthaginiensis
641 4149 652 4181 ,
663 4108 796 4190 scriptor
810 4104 1046 4182 semibarbarus,
1059 4105 1111 4189 qui
1126 4106 1214 4168 Saec.

11 4214 18 4271 l
80 4206 118 4267 V.
140 4207 338 4290 temporibus
359 4207 470 4268 Leonis
490 4204 618 4267 Thracis
640 4205 732 4276 vixit,
766 4204 797 4264 in
819 4202 924 4262 Satira
944 4224 1014 4275 sua,
1038 4203 1125 4264 caius
1150 4203 1214 4264 duo

82 4304 202 4384 priores
222 4305 296 4366 libri
317 4302 530 4386 Philosophiae
551 4299 692 4353 &settara
713 4301 777 4362 eive
791 4299 924 4362 fabulam
946 4298 984 4361 de
1003 4301 1116 4384 nuptiis
1139 4301 1213 4362 Phi-

83 4399 216 4483 lologiae
244 4411 277 4464 et
307 4401 478 4475 Mercurii,
512 4397 625 4481 reliqui
655 4419 730 4460 aero
754 4411 872 4480 septem
900 4396 1088 4481 singularum
1102 4399 1212 4458 artium

84 4494 278 4576 liberalium,
302 4495 528 4564 Grammaticus
543 4538 553 4580 ,
570 4493 775 4573 Dialecticae,
794 4494 998 4575 Rhetoricae,
1011 4493 1216 4573 Geometriae,
