3046 5498
315 377 471 478 xxxiv
757 407 813 474 aa
846 409 1001 477 sarrai

314 615 453 698 quamvis
472 613 552 676 dum
573 623 603 676 et
621 611 712 684 velati
730 615 844 699 agresti
862 615 947 690 ioco,
968 611 1007 676 de
1026 613 1106 677 vitiis
1125 615 1236 681 civium
1251 631 1360 683 eumen
1374 619 1442 684 aiae

315 710 378 773 ullo
395 713 519 796 proprii
537 713 670 772 nominis
689 710 774 772 titulo
794 731 920 772 carmen
940 725 1024 774 esser.
1060 712 1154 795 Quod
1174 716 1244 776 item
1265 739 1360 802 genus
1381 739 1442 780 co-

315 807 456 870 moediae
478 806 600 880 (Satira
620 804 799 881 dramaticu)
819 807 1030 892 nruldsolsuit
1046 811 1164 888 poe'ta‘s,
1178 831 1272 892 quum
1292 817 1325 876 in
1338 817 1443 898 ruspi-

314 905 432 966 cionem
450 904 623 988 poteatibus
643 903 755 964 civibus
778 905 944 978 venissent,
977 903 1102 966 illorum
1125 907 1221 989 sacta
1247 908 1445 993 descrr'psisse

314 1001 349 1060 in
365 1001 452 1079 peius
470 1021 508 1061 ac
528 998 719 1080 deformasse
737 1021 830 1084 genus
842 998 921 1079 stylo
935 1002 1084 1062 carminis
1094 1024 1106 1073 ‚·
1126 1003 1211 1084 quod
1227 1007 1330 1084 primo
1350 1008 1445 1068 Luci-

314 1095 375 1157 lius
394 1117 473 1157 noro
499 1098 681 1179 conscripsit
700 1096 812 1170 nando,
848 1109 881 1157 ut
897 1099 1005 1178 poe'sin
1025 1094 1101 1158 inde
1113 1100 1237 1180 fuceret
1268 1101 1444 1184 (singulare

315 1192 494 1290 carminum·
517 1213 631 1278 genus,
654 1191 737 1276 quod
758 1213 820 1253 non
841 1200 985 1274 ageretur
1006 1192 1038 1253 in
1067 1213 1178 1270 scena,
1207 1195 1261 1256 sed
1280 1195 1445 1279 legeretur,

315 1307 379 1348 non
399 1286 605 1352 dramaticum
625 1295 717 1364 esset,
738 1287 797 1350 eed-
814 1287 1011 1364 didacticum)
1036 1287 1072 1350 id
1091 1302 1155 1367 cst,
1186 1291 1275 1354 unias
1295 1295 1443 1356 carminis

310 1381 418 1465 plures
436 1384 541 1446 libros.

356 1479 456 1543 Satira
482 1482 584 1565 itaque
614 1503 632 1542 a
665 1477 784 1541 Lucilio
816 1478 962 1557 inventa,
995 1489 1026 1542 et
1046 1482 1209 1565 praecipua
1230 1482 1268 1543 ab
1288 1484 1436 1560 Horatio,

315 1573 422 1636 Persio
442 1596 479 1638 ac
499 1574 664 1650 Iuvenale,
684 1573 737 1636 sed
758 1573 796 1634 ab
811 1595 994 1658 unoquoque
1014 1575 1132 1639 diversa
1153 1578 1272 1641 ratione
1294 1579 1437 1652 exculta,

317 1681 361 1732 est
381 1669 460 1732 illud
479 1670 652 1732 carminum
678 1689 794 1752 genus,
824 1668 907 1752 quod
928 1670 1004 1730 visis
1024 1670 1181 1735 coloribus
1202 1672 1443 1756 imaginibusque

316 1789 420 1831 mores
441 1767 600 1830 hominum
621 1765 823 1836 adumbrare,
849 1773 880 1828 et
904 1774 969 1828 tum
991 1770 1134 1830 virtutem
1158 1770 1342 1852 praeceptis,
1361 1791 1443 1853 qao·

316 1887 386 1928 rum
422 1864 550 1948 gravitas
581 1864 722 1926 comitate
754 1861 936 1946 plerumque
966 1884 1001 1926 ac
1032 1865 1196 1928 festivitate
1226 1865 1349 1928 condita
1373 1875 1443 1942 est,

316 1958 553 2039 commendare,
573 1972 638 2022 tum
660 1980 781 2022 errores
796 1959 984 2041 potissimum
998 1980 1035 2021 ac
1048 1963 1137 2036 vitia,
1159 1959 1323 2024 luculentis
1343 1983 1444 2026 exem·

316 2055 374 2140 plis
394 2055 567 2139 salibusque
589 2056 682 2116 modo
703 2054 828 2116 urbanis
849 2051 942 2115 modo
963 2053 1080 2136 nigris,
1113 2054 1162 2117 rel
1186 2055 1261 2118 r'isui
1292 2055 1338 2117 vel
1360 2057 1444 2117 iusi-

317 2153 385 2216 diac
404 2171 579 2236 exponere,
602 2152 738 2235 adeoque
759 2149 925 2233 multiplici
946 2157 1089 2232 poeseos,
1109 2151 1294 2214 dramaticus
1315 2153 1444 2236 potissi-

317 2272 421 2326 mum,
441 2257 506 2312 arte
526 2256 702 2332 argumenta
724 2267 741 2308 e
771 2246 831 2308 rita
859 2246 1034 2328 quotidiana
1056 2247 1216 2330 depromta
1237 2258 1392 2324 tractare,
1411 2262 1443 2314 et

317 2349 362 2410 sic
382 2347 511 2410 lectores
533 2355 592 2407 tam
618 2343 786 2420 delectare,
817 2363 910 2427 quam
934 2342 1046 2405 docere
1066 2352 1096 2406 ct
1115 2344 1278 2406 emendare
1302 2357 1443 2410 conatur.

319 2446 435 2506 Vtrum
459 2442 536 2504 haec
555 2439 653 2504 Satira
678 2439 718 2502 sit
748 2440 860 2502 iustum
881 2446 990 2521 poema
1011 2458 1067 2500 aec
1088 2459 1150 2520 aa,
1179 2441 1211 2500 in
1232 2442 1444 2523 quaestionem

318 2547 470 2602 vocarunt
482 2539 590 2600 Horat.
605 2537 670 2600 Sat.
684 2536 717 2611 Ι,
731 2538 770 2610 4,
793 2534 917 2613 39-64.
929 2533 1069 2595 Wieland
1084 2534 1122 2594 ad
1145 2535 1175 2595 li.
1195 2535 1214 2596 l.
1240 2547 1304 2598 not.
1326 2559 1353 2621 7.
1374 2539 1443 2598 Cu-

319 2635 402 2698 saub.
420 2633 460 2696 de
480 2633 540 2695 Sat
552 2634 640 2693 Rom.
662 2631 716 2705 ll,
737 2630 765 2691 5.
786 2629 862 2702 (ubi
883 2629 966 2690 conf.
989 2628 1168 2706 Rambach)
1190 2632 1315 2708 etalii,
1336 2633 1386 2716 qui
1410 2635 1444 2696 ia

317 2737 444 2813 poeseos
464 2737 603 2788 naturam
625 2725 801 2807 diligentius
823 2724 1026 2807 inquisivere,
1049 2725 1132 2807 iupr.
1153 2725 1251 2788 Aetius
1272 2724 1311 2790 de
1333 2725 1443 2788 Pluto-

318 2826 369 2886 nis
383 2821 525 2884 Phaedro
544 2844 575 2904 p.
597 2823 638 2897 44
658 2841 720 2904 seq.

358 2922 423 2982 lam
453 2919 479 2981 si
505 2919 675 3001 quaeritur,
699 2937 774 2978 num
796 2927 827 2979 et
847 2937 960 2980 acmen
982 2928 1014 2982 et
1035 2918 1135 3002 ipsum
1156 2920 1302 2982 carminis
1323 2941 1444 3003 genus,

317 3015 380 3081 aire
400 3015 599 3090 alterutrum,
629 3013 776 3074 Romanis
798 3013 960 3097 proprium
986 3015 1097 3090 fuerit,
1128 3037 1166 3076 aa
1194 3039 1211 3078 a
1241 3017 1383 3094 Graecis,
1409 3029 1445 3082 ut

316 3111 468 3198 quidquid
488 3109 527 3172 ad
548 3121 626 3172 artes
648 3109 848 3193 scientiaeque
868 3119 1004 3191 spectat,
1025 3112 1152 3193 petitum
1174 3121 1206 3173 ct
1225 3113 1363 3176 satiricus
1383 3135 1444 3176 eo-

315 3231 386 3272 rum
408 3207 489 3290 poesi
510 3213 692 3289 cognatum
722 3207 920 3266 Grammatici
944 3214 1063 3266 certant
1090 3215 1121 3268 et
1140 3205 1241 3270 adhuc
1261 3208 1318 3270 aab
1339 3209 1444 3274 iudica

243 3327 244 3332 ¹
315 3305 353 3367 lis
374 3312 429 3368 est.
451 3302 532 3365 lllud
548 3309 784 3385 propugnarunt
805 3300 836 3386 in
858 3301 966 3384 primis
980 3301 1039 3364 Ios.
1059 3301 1206 3383 ScalIger,
1230 3303 1443 3383 Caaauboaus,

315 3399 541 3484 spanhemius,
556 3396 781 3472 Rambuchius‚
801 3394 970 3477 Rigaltius,
993 3397 1160 3473 Ducarius,
1180 3399 1289 3460 Mauso
1303 3409 1333 3461 et
1353 3400 1443 3462 Koe-

316 3497 390 3578 nig;
412 3495 472 3556 hoc
492 3493 552 3556 lul.
573 3492 660 3555 Caes.
681 3490 830 3572 Scaliger,
844 3499 890 3565 (1)
912 3493 990 3554 Dan.
1010 3493 1173 3570 Heinsius,
1194 3493 1349 3577 Vulpius,
1370 3495 1442 3560 Flo·

312 3591 426 3676 gelius‚
450 3587 669 3672 Blanlrenburg
690 3597 721 3652 et
733 3587 827 3650 Cone.
848 3587 929 3656 llinc
943 3587 1033 3650 etium
1049 3610 1161 3652 nonreu
1177 3589 1260 3653 varie
1273 3592 1442 3669 scribitur,

350 3791 394 3860 (l)
418 3792 448 3844 ln
468 3790 525 3842 aa.
546 3790 613 3859 polit.
624 3785 668 3842 lib·
680 3787 701 3841 l.
714 3805 737 3842 c.
752 3792 791 3840 42.
807 3787 852 3842 Id·
905 3788 968 3842 (lem
980 3789 1089 3844 lmroibae
1106 3794 1172 3843 enim
1181 3791 1317 3861 praelibant
1334 3803 1357 3845 et
1370 3798 1442 3846 ean-

315 3877 381 3928 er'reo
394 3874 537 3948 fillumtur,
557 3873 661 3944 inquit,
683 3875 726 3942 qui
745 3884 850 3942 putant,
902 3873 980 3924 stellis
994 3888 1125 3944 pomonam
1148 3880 1216 3928 omni
1237 3894 1327 3946 genere
1341 3876 1440 3947 plessis,

315 3959 437 4030 Satyrum
450 3977 499 4010 esse
507 3957 626 4008 Latinam
637 3967 729 4008 totum:
744 3956 851 4012 aGrae·
901 3959 987 4028 peribus
1016 3957 1155 4032 Nymphas
1184 3961 1320 4014 allicerem.
1355 3963 1441 4014 Fuere

314 4047 350 4096 cir
366 4045 433 4096 enim
449 4055 473 4094 et
490 4039 607 4094 imbuam
620 4053 644 4091 et
659 4039 773 4111 perfecta
793 4045 847 4110 pri·
902 4042 982 4096 etiam
995 4039 1184 4110 Grammatici,
1203 4048 1249 4118 qui
1269 4046 1380 4102 Satiram
1397 4047 1442 4102 vel

314 4147 396 4192 mam,
409 4147 426 4178 a
437 4127 534 4180 Latinis
544 4125 635 4178 deinde
647 4141 749 4196 accepta
756 4164 764 4188 ,
776 4141 850 4196 utque
901 4127 987 4197 potius
1007 4125 1127 4193 Satrram
1141 4148 1155 4182 a
1171 4127 1270 4200 Satyris
1283 4131 1378 4184 dictam
1391 4150 1441 4203 pu·

313 4213 606 4266 cttrasernumeaculta.
626 4209 850 4279 Quanrobremaon
901 4221 997 4276 tarent,
1012 4231 1036 4263 v.
1052 4231 1075 4266 c.
1096 4213 1238 4266 Euanthius
1251 4214 1279 4267 in
1294 4213 1440 4286 loco‘supra

313 4318 331 4350 a
343 4307 427 4350 sutram
444 4296 487 4347 vel
499 4295 556 4366 lege
567 4295 610 4346 vel
628 4293 699 4346 lance
712 4292 782 4345 dieta
795 4305 847 4356 est,
900 4295 1042 4366 adscripto,
1057 4307 1082 4350 et
1105 4298 1260 4366 Diomedes,
1283 4299 1328 4372 qui
1347 4317 1407 4352 mox
1425 4321 1442 4354 a

313 4395 339 4436 ru
345 4382 447 4453 frustra
456 4392 481 4432 et
492 4392 581 4432 amem
591 4390 709 4448 amegarra
719 4396 849 4449 gramma·
900 4381 975 4434 nobis
989 4379 1151 4452 laudubitur,
1162 4386 1208 4443 sed
1219 4383 1367 4441 dubitanter
1376 4384 1442 4444 scri·

312 4469 373 4530 tici:
390 4464 507 4542 qualeae
529 4485 547 4520 u
567 4464 667 4538 Satyris
682 4464 763 4520 dictas
779 4475 848 4535 praa.
899 4463 958 4540 psit.
