3098 5498
329 293 435 443 128'

770 379 994 438 tvvttttttts

323 585 377 656 Vt
393 578 529 684 dignus
549 577 674 656 venies
691 573 842 658 hederis
862 545 900 652 et
917 569 1076 678 imegin'e
1094 567 1244 651 meere:

285 783 289 797 Ι
324 699 418 802 Spes
434 695 540 771 nulla
558 691 740 769 ulterior:
760 691 893 766 didicit
910 693 983 766 iam
1002 691 1106 767 dives
1128 717 1261 768 avarus

1409 731 1444 782 342

324 815 489 888 Tantum
507 808 704 900 admirari,
723 825 868 884 tentum
889 805 1047 881 laudare
1063 806 1242 899 disertos,

324 929 378 1002 Vt
394 926 504 1030 pueri
522 925 677 998 Iunonis
695 949 811 997 avem.
831 921 905 996 Sed
925 921 1059 996 delluit
1076 939 1177 996 aetas

325 1043 377 1118 Et
395 1041 513 1145 pelagi
531 1043 676 1144 patiens
696 1055 734 1113 et
752 1037 901 1112 cassidis
921 1055 1035 1140 atque
1051 1035 1199 1140 ligonis.

327 1157 467 1233 Taedia
485 1175 577 1230 tunc
596 1155 759 1231 subeunt
780 1159 941 1245 animos,
961 1171 1051 1228 tunc
1072 1181 1189 1257 seque
1209 1177 1392 1258 suumque

327 1273 604 1378 Terpsichoren
625 1271 705 1347 odit
723 1270 886 1346 fecunde
905 1287 946 1368 et
962 1270 1066 1344 nuda
1085 1287 1269 1346 senectus.
1409 1307 1443 1358 35

319 1411 325 1423 ¹
379 1393 519 1493 Accipe
534 1412 637 1462 nunc
657 1403 775 1478 artes,
795 1413 842 1462 ne
863 1385 956 1486 quid
973 1386 1040 1459 tibi
1059 1385 1232 1460 conferat
1248 1387 1357 1477 iste,

326 1507 447 1598 Quem
467 1501 579 1591 colis,
597 1519 636 1575 et
652 1505 845 1576 Musarum
863 1518 902 1575 et
921 1499 1105 1604 Apollinis
1125 1499 1218 1576 aede
1237 1500 1379 1576 relicte.

324 1619 411 1721 Ipse
428 1617 520 1692 fecit
536 1643 685 1714 versus,
699 1632 819 1720 etque
841 1617 909 1690 uni
928 1615 1029 1690 cedit
1049 1617 1214 1690 Homero

325 1734 488 1838 Propter
504 1731 605 1807 mille
624 1751 765 1822 annos}
785 1750 871 1821 aut,
890 1734 920 1806 si
940 1729 1142 1824 dulcedine
1159 1729 1278 1804 famae
1335 1749 1338 1757 '

324 1847 534 1924 Succensus
551 1849 707 1938 recites,
724 1845 930 1922 maculosas
949 1846 1160 1934 commodet
1179 1845 1310 1922 aedes:
1401 1880 1436 1931 40

363 2064 405 2115 842.
422 2060 512 2114 didicit
524 2079 584 2114 nem
599 2061 691 2113 4322.
706 2063 747 2112 23.
761 2062 803 2112 25.
817 2063 860 2112 22.

216 2183 219 2188 1
327 2147 557 2198 to-⁵⁰.55-60.
570 2148 611 2196 54.
624 2150 665 2196 65.
678 2147 720 2196 69.
740 2160 799 2194 444444
816 2143 859 2195 di·

327 2226 390 2278 dieit
405 2231 443 2278 46·
457 2227 547 2278 didicit
560 2243 623 2276 44444
639 2229 680 2278 24.
857 2285 860 2290 Ι

363 2314 405 2363 32.
421 2311 443 2361 si
459 2309 548 2376 defluit
564 2321 631 2360 4444444
641 2307 709 2376 conj.
718 2305 852 2362 Schrader.

363 2398 405 2446 34.
418 2411 481 2444 neree
494 2393 591 2444 4444444444
611 2397 651 2445 ts.
660 2395 751 2445 teet.
764 2409 861 2442 4444444-

330 2493 394 2528 eene
407 2482 448 2528 42.

363 2563 405 2611 35.
421 2576 451 2608 ee
464 2556 531 2608 nuda
545 2559 587 2609 24.

329 2705 332 2710 Ι
364 2648 477 2696 38444444
490 2659 536 2710 pro
553 2653 609 2692 tune
622 2639 782 2694 revocarier
797 2643 862 2693 44-

330 2730 375 2780 244.
393 2730 434 2778 25.
447 2729 488 2778 22.
506 2729 614 2778 45-54).
628 2725 737 2778 66—63.
751 2730 860 2778 0'5-74.

330 2817 373 2866 22.
386 2809 498 2880 Adspice
510 2821 643 2861 nwreertee
650 2807 761 2861 melebet
770 2807 862 2862 Schra-

329 2891 386 2944 der.

363 2981 404 3029 37.
426 2973 479 3027 Alii
492 2973 617 3026 maiorem
636 2972 861 3041 distinct-ponunt

329 3065 389 3130 post
407 3059 468 3110 eolis
488 3055 615 3126 verbaque
641 3068 665 3108 44
686 3055 818 3107 Musarum
837 3066 861 3106 44

327 3145 365 3199 A.
379 3163 416 3197 444.
427 3163 449 3196 r.
467 3161 527 3196 cum
538 3160 607 3214 seqq.
618 3141 739 3211 iungunt.

361 3233 403 3282 38.
414 3227 487 3300 serie
503 3236 530 3304 44
549 3226 618 3279 cedis
634 3223 747 3278 melehet
763 3227 796 3277 H.
810 3224 862 3278 Ve-

328 3308 376 3363 144.

365 3398 406 3446 39.
428 3404 453 3444 44
466 3395 488 3444 44Ι
499 3389 603 3461 quidem
618 3389 727 3444 reddet
740 3389 801 3444 edd.
816 3405 860 3440 re·

290 3485 294 3493 '
327 3475 469 3528 multumt
485 3478 506 3527 et'
527 3478 564 3525 46.
586 3484 613 3524 at
632 3477 654 3524 et'
677 3477 715 3525 45.
737 3476 766 3523 24
784 3489 799 3522 e
818 3489 857 3522 m.

328 3578 379 3614 444.
398 3564 440 3611 24.
455 3565 497 3612 25.
510 3565 551 3610 45.
567 3563 608 3610 49.
621 3563 661 3611 50.
673 3563 780 3610 54-57.
795 3561 861 3608 59-

330 3649 374 3696 63.
391 3646 618 3698 55-69.24-24.
632 3651 683 3693 tres
696 3639 770 3694 codd.
783 3639 862 3692 Heln.

328 3735 355 3782 44
372 3729 421 3780 XX
439 3725 519 3780 Puris.
536 3744 599 3794 quoe
616 3734 716 3778 secutus
736 3735 773 3776 est
795 3723 861 3776 Ach.

328 3815 404 3864 4444Ιί
423 3812 581 3862 itm-20.
599 3811 640 3860 22.
654 3813 697 3860 23.
711 3811 753 3861 22.
767 3813 860 3859 4642.

328 3897 370 3944 48.
384 3897 426 3946 58.
440 3897 482 3946 64.
491 3901 541 3944 4444
554 3888 627 3943 codd.
639 3889 861 3958 lleln.etquidem

327 3975 407 4028 Perit.
422 3975 538 4044 equibus
552 3972 618 4027 hene
631 3972 692 4027 lect.
703 3991 772 4026 nunc
783 3975 859 4027 resti·

329 4063 369 4116 lul
381 4079 427 4129 pro
442 4057 511 4130 vulg.
528 4072 552 4112 et
562 4063 593 4112 ei.

365 4147 408 4196 to.
423 4143 540 4195 1444444444
559 4149 602 4194 24.
628 4141 760 4196 aarum
779 4145 861 4196 23.-

329 4227 413 4276 reeitet
431 4241 584 4294 perperam,
608 4219 635 4274 ni
655 4221 740 4286 fallor,
758 4221 861 4276 emend.

329 4307 503 4378 Lindenbrog.
518 4321 545 4360 et
561 4307 859 4362 schenden-Maesto-

329 4411 374 4458 eeue
397 4398 435 4450 tlt.
448 4403 485 4448 44.
497 4398 595 4447 42-24
616 4411 631 4445 e
652 4411 688 4447 444.
700 4411 748 4448 sec
764 4398 806 4449 25.
820 4399 861 4450 22.

909 2061 1017 2114 45-50.
1041 2065 1083 2114 54.
1103 2066 1144 2116 55.
1161 2065 1268 2114 57-69.
1287 2066 1330 2113 24.
1351 2067 1392 2113 tt.
1412 2068 1439 2116 el

909 2142 1021 2214 quinque
1043 2143 1116 2198 codd.
1138 2144 1214 2196 Heln.
1236 2146 1379 2198 Meurlnnie
1398 2148 1437 2196 42.

911 2233 949 2277 44.
962 2235 1001 2279 44.
1017 2234 1055 2280 ts.
1071 2231 1103 2279 44
1121 2245 1182 2280 am.
1194 2246 1231 2296 pr.
1245 2233 1338 2280 4444.
1353 2231 1393 2280 eo.
1405 2231 1437 2279 44

911 2314 983 2364 -22.
995 2315 1035 2364 82.
1045 2313 1125 2376 Vetus
1134 2309 1248 2365 scholion
1262 2321 1314 2363 eet:
1327 2312 1373 2362 elii
1385 2329 1438 2362 eor·

909 2393 983 2446 didus
1005 2397 1094 2459 aeden
1119 2397 1164 2448 attt
1185 2401 1271 2465 pictae
1298 2394 1339 2446 Ad
1361 2411 1440 2462 queem

908 2475 1018 2548 glossam
1033 2477 1156 2532 Schurzll.
1170 2477 1234 2530 444444
1249 2478 1311 2531 heec
1324 2476 1438 2530 notavit:

908 2567 926 2593 ‘⁴
944 2560 1088 2614 illuminent
1115 2563 1181 2614 lorte
1212 2561 1290 2632 legit,
1319 2561 1342 2613 si
1371 2570 1439 2614 recle

909 2645 1061 2700 emendetur
1074 2656 1120 2698 eet.
1134 2645 1253 2698 Pithoeus
1266 2643 1364 2709 edidit,
1383 2646 1441 2696 Alii

908 2730 1023 2782 sordibus
1031 2730 1106 2792 dixit,
1120 2731 1258 2799 eliipietas.
1267 2729 1351 2780 Possis
1360 2728 1441 2780 etiem

908 2813 988 2864 illitae
999 2814 1117 2865 44νά48444.
1131 2811 1268 2865 Emhleme
1281 2811 1438 2866 44444ιὶ4444-

909 2905 966 2949 lum
987 2895 1043 2961 elii,
1068 2905 1145 2964 puto,
1167 2906 1293 2966 reperient
1315 2897 1441 2960 44444444,

910 2989 936 3031 44
947 2989 1116 3047 exponierunt
1128 2983 1217 3048 pictae.
1231 2981 1271 3033 Cf.
1288 2978 1398 3031 Ceeeub.
1412 2977 1442 3031 ed

910 3059 1040 3130 Theophr.
1054 3081 1078 3131 p.
1105 3069 1163 3114 423.
1183 3100 1202 3126 ,,
1233 3061 1284 3113 Sed
1307 3062 1443 3114 madores
1533 3117 1534 3126 ,

909 3144 1042 3214 ingeniose
1056 3145 1205 3198 emendavit
1218 3145 1358 3209 Heinrich,
1370 3147 1444 3197 cuiue
1533 3141 1534 3162 ³

910 3229 1040 3282 ennotnt'to
1054 3239 1100 3284 eet:
1111 3236 1132 3263 “
1139 3230 1232 3282 Aliene
1245 3231 1277 3282 eh
1290 3249 1317 3281 re
1327 3228 1444 3300 vulgate,

909 3321 935 3364 et
952 3311 1110 3376 Macedonis,
1126 3313 1186 3384 quie
1198 3325 1320 3384 petronus
1337 3311 1379 3364 hic
1391 3331 1443 3363 no·

909 3403 961 3445 4444
973 3395 1132 3457 commedat,
1149 3394 1182 3447 ed
1196 3393 1373 3456 medendum,
1391 3393 1441 3444 he·

909 3475 981 3528 noris
1007 3495 1095 3541 444444,
1122 3477 1256 3540 concedit,
1281 3476 1357 3530 4444444
1383 3493 1444 3527 sues

908 3561 987 3630 ipsius
994 3599 1003 3624 ,
1018 3579 1069 3613 non
1080 3560 1199 3614 condecit
1213 3559 1323 3630 eliene23
1335 3569 1362 3612 44
1377 3560 1444 3612 Me·

908 3643 1020 3709 44444444,
1034 3661 1096 3696 narn
1107 3661 1186 3713 quum
1196 3643 1361 3714 praecesserit
1374 3644 1444 3713 Ipse,
1533 3657 1534 3660 ’

909 3747 960 3796 quo
982 3733 1043 3791 iste,
1063 3747 1134 3798 quem
1155 3730 1234 3794 eolis,
1253 3729 1313 3781 entis
1329 3729 1444 3798 signatus

910 3810 991 3864 videri
1003 3810 1095 3874 debet,
1114 3811 1198 3880 ipsum
1220 3811 1327 3863 seulorls
1343 3827 1444 3862 4444444444

909 3903 963 3946 tem
984 3913 1041 3948 44444
1059 3895 1172 3964 positum
1190 3893 1288 3964 aliquid
1302 3893 1382 3962 inepti
1396 3894 1444 3946 he·

909 3977 969 4032 bet:
988 3977 1048 4030 nolo
1060 3977 1158 4041 dicere,
1178 3976 1254 4048 plene
1265 3989 1326 4029 esse
1336 3975 1444 4028 444444444-

910 4071 967 4116 tum
991 4060 1059 4113 hunc
1079 4059 1221 4113 huminem.
1251 4061 1336 4130 Auget
1358 4059 1445 4113 multo

910 4143 991 4212 magis
1004 4141 1190 4196 dubitationem
1199 4139 1448 4194 meruoreleileecleu·¹

911 4223 984 4290 lion,
998 4225 1067 4294 quod
1085 4235 1172 4296 aperte
1188 4225 1364 4288 demonstret,
1376 4223 1442 4276 olim

910 4307 971 4376 hic,
992 4319 1051 4362 ente
1065 4329 1181 4376 omnes,
1206 4321 1282 4382 pute,
1300 4313 1345 4380 qui
1363 4308 1442 4361 hodie

911 4391 1107 4462 exstentlibree
1120 4391 1196 4467 lenge
1209 4393 1441 4452 direreemlectie-
1532 4407 1533 4410 ’
