3120 5494
305 381 398 476 308
615 439 617 444 ·
758 409 973 472 nxovnsvs

333 609 337 614 ’
461 615 602 674 Deterior
621 626 722 682 tarsen
740 612 808 690 hio,
828 613 882 695 qni
899 611 974 673 liber
993 615 1107 673 noverit
1124 613 1214 685 illos,

465 707 600 789 Quarum
621 709 741 768 aninms
760 719 787 768 et
796 710 892 791 forre
910 729 963 770 sao
982 707 1111 772 custodit
1130 721 1158 769 et
1177 729 1254 769 aere.
1357 763 1360 772 .

467 802 554 874 Vitta,
569 802 730 862 consilium
751 811 812 864 oet.

299 987 382 1047 Hine
410 983 571 1048 Pithoeum
591 1006 714 1068 qnoque
742 985 802 1046 iam
834 983 908 1048 olim
935 1005 1055 1048 versam
1081 983 1160 1046 bano
1183 981 1354 1048 tollendum
1382 985 1423 1048 de

301 1079 422 1154 medio,
450 1090 483 1142 ut
502 1081 744 1164 supposititium,
772 1088 827 1141 ant
859 1079 959 1164 potius
981 1078 1134 1161 duplicem
1163 1079 1247 1161 qnasi
1271 1079 1425 1142 censuisse

300 1173 517 1238 animadverto.
547 1175 651 1236 Sinin
675 1173 781 1236 eodem
804 1175 869 1234 MS.
891 1194 964 1236 mox
983 1182 1052 1254 post
1072 1195 1098 1233 u.
1125 1173 1189 1248 134.
1211 1173 1323 1256 legitur
1340 1172 1422 1250 hio:

301 1269 415 1332 Gratus
434 1272 503 1334 eris.
523 1284 555 1332 tn
573 1281 688 1332 tantum
697 1270 786 1352 suois
800 1269 939 1352 imprime
958 1268 1089 1330 dentem.

693 1421 695 1427 ’
753 1463 964 1526 axcvasvs

706 1615 758 1675 An
777 1613 853 1690 Sar.
874 1613 923 1688 X,
949 1613 1014 1676 150.

300 1757 304 1772 ²
340 1749 577 1814 Distinotionem
592 1747 739 1812 maiorem
754 1750 839 1832 posui
850 1757 918 1832 post
930 1746 1120 1828 elephantos,
1134 1767 1198 1809 non
1212 1755 1279 1832 post
1297 1752 1417 1830 ιιριιιιί,

299 1856 335 1910 ut
352 1847 403 1910 hie
422 1855 544 1930 quoque
563 1865 667 1908 versus
687 1845 726 1905 ad
745 1845 904 1928 superiora
925 1853 956 1906 et
975 1843 1121 1904 ambitum
1142 1843 1277 1926 finesque
1297 1845 1420 1910 Africae

298 1945 462 2007 referatur.
485 1942 658 2005 Hennlniue
679 1939 779 2002 etalii
800 1941 831 1999 h.
853 1960 978 2003 versum
1000 1947 1269 2001 connectuntonm
1289 1961 1373 2023 seqq.
1388 1955 1422 2008 ut

298 2059 403 2102 sensus
423 2039 480 2099 ait:
501 2035 678 2117 Aethiopiae
698 2043 729 2095 et
748 2035 926 2115 elephantis,
940 2035 970 2092 la.
989 2025 1017 2094 e.
1031 2033 1237 2096 Mauretaniae
1256 2055 1283 2096 o.
1297 2036 1425 2101 Alrioae

193 2213 197 2218 1
298 2155 423 2212 rursus,
443 2131 563 2208 adhue,
584 2129 732 2204 additur,
752 2127 926 2208 adiungitur
946 2127 1096 2209 Hispania.
1129 2127 1190 2190 Sed
1203 2149 1266 2190 non
1286 2127 1367 2192 bene
1377 2134 1423 2194 sie

298 2230 403 2290 Alrioa
424 2227 600 2308 designator
624 2233 655 2310 pt
684 2243 743 2284 vox
760 2225 899 2304 imperiis
918 2221 1051 2284 additur.
1094 2225 1206 2286 Versus
1226 2245 1283 2306 pro
1304 2214 1423 2290 fluistis

297 2323 379 2406 oonj.
399 2321 438 2383 H.
459 2320 561 2383 Voles.
587 2320 648 2381 hoo
667 2338 777 2380 senso:
799 2317 837 2378 ad
857 2318 1048 2401 Aethiopiam
1074 2339 1176 2380 versus
1203 2327 1256 2379 aut
1275 2319 1421 2386 adversus

298 2417 501 2501 Aethiopiam..
522 2425 552 2480 et
571 2425 684 2490 terram
715 2413 957 2496 elephantorum.
989 2414 1056 2494 Ego
1083 2412 1155 2476 olim
1175 2414 1349 2494 auspicabar
1368 2417 1421 2478 le·

297 2512 432 2594 gendum
453 2529 516 2572 etse
535 2511 688 2585 Prorsus,
708 2508 806 2592 plane.
833 2508 892 2568 Sed
905 2531 933 2570 t.
946 2507 1064 2568 Corum.
1079 2549 1109 2561 -
1120 2500 1257 2588 aliosque
1270 2509 1421 2590 elephan-

297 2621 345 2673 tos
363 2605 509 2667 exhibent
532 2626 578 2666 10.
603 2607 723 2682 alp-27.
743 2603 869 2678 45-50.
886 2601 1010 2678 54-74.
1033 2610 1066 2660 nt
1080 2601 1234 2683 epitheton
1249 2600 1287 2662 ad
1308 2601 1423 2666 diver·-

297 2703 418 2764 sitatem
440 2698 488 2760 sel
506 2710 658 2760 terrarum
680 2697 794 2780 Libyae
805 2711 825 2774 ,‘
836 2697 866 2756 in
888 2697 998 2779 quibus
1019 2695 1171 2777 elephanti
1191 2697 1266 2772 sint,
1286 2697 1335 2760 rel
1358 2697 1424 2762 ele-

298 2793 485 2880 phantorum
505 2795 537 2854 in
559 2793 746 2856 Mauretania
771 2805 803 2854 et
823 2793 997 2870 Aethiopia,
1024 2813 1077 2852 een
1098 2790 1255 2873 Aethiopia
1274 2792 1425 2854 occiden-

298 2891 351 2951 tali
367 2900 396 2951 et
409 2887 547 2951 orientali
558 2888 624 2963 ,uel
635 2887 770 2969 ipsorum
782 2887 966 2968 Aethiopum
977 2895 1101 2968 spectet.
1123 2887 1172 2950 De
1187 2886 1244 2948 bae
1258 2909 1286 2947 ι.
1301 2885 1425 2948 Comm-

299 2985 427 3068 euinque
446 2984 609 3066 significari
622 2982 777 3064 putabant
806 2974 1004 3062 Grangaens,
1031 2980 1141 3063 Rigalt.
1162 2991 1193 3043 et
1221 2981 1290 3059 alii,
1311 2991 1346 3044 ut
1366 2985 1427 3046 attt

300 3099 409 3162 propr.
431 3099 495 3139 non
521 3078 673 3158 elephanti
693 3077 771 3150 sint,
801 3066 856 3138 'aed
876 3077 1046 3159 Aethiopes.
1081 3075 1130 3138 cf.
1149 3077 1228 3138 Stat.
1255 3077 1353 3139 Theb.
1375 3079 1423 3154 X,

297 3175 349 3238 85.
374 3173 475 3234 Multo
496 3171 685 3255 probabilior
704 3172 825 3234 videtur
845 3173 1018 3236 emendatio
1029 3173 1193 3248 Platbneri,
1209 3173 1262 3254 qni
1275 3173 1427 3256 alhosqne

290 3269 482 3331 'oonliciebat
501 3267 572 3330 coll.
592 3268 692 3330 verbis
706 3267 885 3329 Ptolemaei:
907 3270 1003 3328 quta
1023 3268 1155 3346 Libyam
1166 3271 1428 3352 magnaAethio·

274 3351 275 3356 ἵ
295 3381 372 3446 pom
392 3367 496 3446 regio,
515 3369 548 3423 in
567 3385 629 3445 qna
648 3363 818 3445 elephanti,
838 3365 901 3424 albi
918 3383 1041 3440 omnes,
1060 3376 1088 3424 et
1107 3365 1307 3432 rhinocerotes
1327 3379 1355 3426 et
1375 3368 1425 3426 n·-

297 3481 366 3543 gres
385 3474 463 3520 sunt.
496 3457 661 3540 Elephanti
682 3457 819 3538 vulgares
840 3458 990 3520 nuntiare
1005 3457 1117 3520 cinerei
1138 3467 1273 3541 (gran),
1291 3461 1426 3522 rariores
1451 3479 1457 3490 ·

298 3553 389 3638 rubri
408 3576 431 3615 a.
452 3553 532 3628 rofi,
552 3561 582 3614 et
602 3551 746 3614 rarissimi
766 3550 906 3624 candidi;
927 3551 1009 3616 unde
1023 3551 1055 3612 ln
1069 3555 1170 3635 regnis
1190 3555 1273 3636 Pegu
1293 3565 1324 3615 et
1337 3554 1426 3617 Sinna

299 3645 339 3711 de
359 3649 424 3711 solo
443 3648 533 3710 titulo
555 3649 646 3729 Regis
674 3647 805 3708 condidi
831 3648 984 3730 elephanti
1006 3657 1132 3710 cruenta
1161 3648 1234 3710 olim
1255 3649 1331 3711 bella
1351 3661 1426 3713 orta

232 3793 237 3804 .
299 3763 364 3804 esse
384 3751 531 3804 memorat
551 3743 595 3804 tt.
615 3741 647 3826 lp
667 3743 758 3803 Blano
772 3744 803 3802 in
824 3742 964 3804 itinerar.
984 3743 1051 3804 Han
1071 3743 1281 3806 emendatione
1300 3755 1425 3828 recepta

299 3844 381 3896 totus
409 3835 461 3896 hie
491 3856 595 3900 versus
613 3835 651 3897 ad
682 3834 875 3918 Aethiopiam
908 3834 1108 3920 denotandam
1130 3835 1271 3916 pertinet.
1306 3835 1369 3898 Sed
1389 3839 1424 3899 in

300 3929 457 4011 Aethiopia
477 3952 581 3992 omnes
601 3929 780 4014 elephantos
814 3931 904 3993 fuisse
932 3930 1094 4005 candidos,
1115 3932 1182 4013 quis
1200 3931 1257 3994 eibi
1287 3953 1424 4014 persua-

194 4026 197 4034 '
300 4025 368 4087 deri
387 4027 537 4108 patiatur?
565 4035 596 4090 et
614 4027 678 4088 attt
710 4048 756 4108 ap.
778 4025 905 4087 Ptolem.
938 4036 1009 4087 sunt
1029 4028 1130 4088 forsan
1150 4029 1220 4088 oani
1241 4049 1265 4088 ι.
1295 4029 1422 4092 cinerei.

300 4116 440 4204 Aptiores
453 4143 574 4207 quoque
593 4123 625 4183 b.
646 4122 667 4182 l.
689 4133 760 4182 anot
779 4123 835 4182 alti
855 4123 1016 4204 elephanti.
1036 4146 1066 4186 v.
1089 4124 1209 4188 Comm.
1244 4123 1290 4186 lll.
1314 4125 1423 4188 Iacobo

301 4217 377 4278 haee
398 4217 572 4280 adnotavitt
594 4216 804 4299 “Legendum
825 4218 940 4278 Furnos
959 4219 1141 4302 Aethiopum
1162 4220 1356 4303 adpopulos
1376 4229 1421 4292 (r.

303 4310 342 4371 ad
364 4311 431 4372 xlt
439 4353 449 4390 ,
475 4315 560 4388 104.)
581 4313 732 4394 Albosque
744 4312 921 4400 'elephantos'
937 4309 1076 4376 Additur
1094 4317 1232 4394 imperiis
1250 4315 1420 4396 Hispania.
