3120 5494
337 413 432 528 304
713 519 717 534 ι
785 418 1000 505 sxnvnsls

331 639 493 714 Pontifici,
515 648 544 701 et
563 591 653 720 vulgo
680 657 764 700 nunc
790 641 978 704 Lateranum
1006 639 1126 702 dicitur.
1166 641 1256 702 Geni.
1287 649 1391 704 notata
1413 641 1448 706 in

331 737 407 801 Var-
426 738 511 800 hect.
531 735 570 798 ad
590 735 664 812 Vll,
688 735 753 814 ¹39·

710 929 736 994 E
757 933 790 994 X
808 931 834 992 G
854 931 881 992 V
904 933 929 993 n
949 933 971 992 S
990 932 1020 992 V
1039 932 1062 994 S

729 1080 858 1142 AnSur.
869 1081 957 1156 vlit,
972 1097 1037 1158 190.

367 1213 438 1277 Vox
457 1217 598 1277 triscuria
625 1212 658 1274 ln
681 1213 822 1276 omnibns
852 1216 916 1277 fere
945 1215 1029 1277 lihris
1049 1213 1181 1296 legitur,
1224 1214 1278 1278 sed
1297 1214 1444 1297 expeditu

198 1298 202 1308 ¹
326 1310 500 1372 difficillima
534 1321 586 1373 est.
609 1311 747 1374 Fortasse
775 1312 817 1373 ita
853 1313 999 1373 dicuntur
1032 1311 1197 1372 admodum
1229 1312 1277 1372 vel
1305 1319 1445 1373 extreme

326 1407 465 1468 scurrilia
485 1407 561 1474 scil.⁴
579 1407 713 1469 facinora
753 1415 818 1482 ·(nt
837 1411 1002 1488 triparcus,
1032 1409 1144 1494 trisur,
1165 1407 1351 1490 trifurcifer,
1374 1411 1446 1467 tri·-

321 1517 514 1584 portentum,
533 1505 745 1586 trismegistus,
769 1505 977 1586 trivencficus,
1010 1503 1222 1584 triperditus),
1252 1523 1327 1574 nnn,
1351 1503 1439 1584 qnod

324 1599 406 1659 Prnt.
428 1607 459 1660 et
478 1599 554 1660 Ach.
580 1609 709 1681 putant,
730 1601 866 1683 triplices
887 1600 919 1658 in
941 1600 1025 1660 circo
1046 1597 1373 1677 discursus-Scaliger
1393 1598 1438 1658 de

324 1693 456 1754 Emend.
486 1695 596 1776 Temp.
622 1693 675 1755 lih.
702 1695 742 1756 V.
773 1693 861 1756 etad
892 1692 1000 1754 Catull.
1021 1694 1148 1773 corrigit
1178 1695 1377 1764 transcurris,
1398 1703 1435 1754 ut

323 1793 417 1870 poitta
438 1785 565 1865 innunt,
586 1787 727 1869 patricios
754 1789 907 1849 transiisse
937 1787 982 1847 ad
1009 1807 1146 1860 scurrus,
1177 1787 1360 1846 orchestram
1385 1784 1434 1845 rel

323 1882 425 1964 potius
440 1879 547 1958 ludos,
562 1883 593 1943 h.
606 1904 631 1944 e.
651 1904 689 1944 ex
708 1883 895 1944 senatoribus
914 1882 1010 1943 factos
1030 1903 1092 1943 esse
1111 1879 1358 1942 scurras-Libri
1372 1899 1435 1939 uon

323 1978 459 2055 variant,
478 1978 536 2039 nisi
556 1978 639 2062 qnod
658 1981 801 2040 triscuria
821 1977 965 2039 exhibent
997 2001 1042 2038 ιι.
1067 1980 1110 2040 ι8.
1132 1999 1180 2037 21.
1202 1998 1219 2034 n
1241 1998 1284 2040 m.
1303 1997 1363 2036 sec.
1385 1978 1442 2038 23:

322 2075 448 2149 45-48·
469 2075 520 2138 58.
534 2075 583 2150 64.
603 2074 642 2135 de
661 2095 722 2158 qna
743 2074 814 2134 leot.
833 2061 970 2155 Scaliger
992 2071 1013 2132 l.
1033 2073 1055 2132 l.
1070 2073 1110 2132 ita
1134 2073 1283 2152 disputat:
1306 2072 1435 2142 “Nost

323 2169 378 2250 qui
399 2168 482 2230 malit
500 2169 634 2230 scrihere
659 2172 820 2242 triscuria;
852 2190 923 2229 nam
948 2169 1116 2228 triscuriam
1148 2168 1255 2248 ingens
1285 2185 1380 2240 curn,
1401 2175 1437 2226 ut

322 2273 367 2324 est
390 2263 594 2346 reipublicae,
613 2283 692 2345 quae
717 2285 788 2324 sene
809 2283 880 2325 curu
901 2263 991 2344 dignu
1020 2263 1120 2323 inerat
1138 2261 1282 2344 patriciis.
1301 2259 1435 2320 Priscia-

321 2378 396 2420 nus:
416 2357 591 2439 Composita
610 2357 741 2420 acerbo
762 2360 863 2432 Cum,
886 2357 1030 2432 Securus,
1056 2358 1221 2429 Obscurus,
1247 2355 1432 2416 Tricurium.

320 2449 428 2512 Festus
448 2469 485 2512 ex
499 2449 606 2513 Livio:
628 2450 778 2514 Solicurio
796 2455 829 2512 in
849 2454 933 2512 omni
950 2473 984 2510 rc
1001 2450 1348 2525 curiosa.„-tricharia
1362 2469 1431 2527 pa-

321 2547 476 2605 triciorum
496 2546 576 2628 conj.
596 2546 712 2607 Petitus
741 2545 780 2606 ad
801 2547 896 2627 Leges
916 2547 978 2606 tut.
998 2567 1029 2627 p.
1048 2546 1119 2619 245.
1139 2565 1201 2634 seq.
1220 2554 1273 2626 (p.
1293 2546 1362 2625 329.
1383 2541 1431 2604 ed.

317 2640 466 2713 Wessel.)
493 2639 637 2723 qnoniam
658 2641 861 2723 spectaverint
879 2641 1053 2701 cruciatum
1078 2639 1258 2700 Laureolum
1279 2639 1310 2698 in
1330 2641 1435 2700 tricina

319 2733 696 2796 destitutum.·-strictorin
721 2736 849 2796 omnino
877 2735 1040 2815 legendum
1062 2735 1185 2816 putabat
1214 2735 1253 2794 ls.
1280 2733 1369 2794 Voss.
1391 2733 1431 2792 ntl

319 2825 431 2888 Catnll.
451 2849 482 2910 p.
504 2828 553 2890 55.
567 2830 616 2891 56.
637 2829 688 2890 uhi
704 2830 777 2890 haec
797 2832 926 2889 notarit:
949 2830 1002 2890 Sic
1016 2827 1201 2889 vocabantur
1221 2827 1431 2888 tunicuestri-

318 2931 401 2996 ctae,
433 2921 542 3003 quibus
570 2943 632 2984 nnn
654 2922 814 2986 histriones
847 2935 963 2984 tantum
994 2933 1024 2984 et
1057 2923 1210 2996 comoedi,
1237 2921 1289 2983 sed
1319 2921 1432 3004 stipsi

318 3036 440 3098 quoqne
460 3016 579 3097 patricii
598 3027 629 3078 et
646 3028 818 3093 senatores,
848 3021 979 3100 deposita
1000 3028 1068 3098 toga
1099 3027 1130 3079 et
1149 3017 1280 3099 neglecta
1302 3017 1430 3076 honoris

317 3119 347 3168 et
366 3107 520 3189 dignitatis
540 3129 612 3171 snae
635 3111 771 3187 ratione,
792 3115 824 3171 iu
846 3113 1004 3189 conviviis,
1025 3113 1057 3170 in
1081 3111 1159 3172 lndis
1179 3122 1211 3174 et
1230 3109 1427 3194 spectaculis,

315 3205 425 3284 passim
444 3215 475 3267 et
489 3203 587 3288 palam
607 3205 828 3288 spectabantur.

694 3387 1044 3451 uxevttsvs

728 3540 776 3600 An
791 3539 867 3602 ΕΔΤ.
881 3539 938 3617 ΙΧ,
952 3539 1000 3618 37.

353 3673 398 3734 lta
416 3671 559 3756 leguntur
577 3675 691 3736 Graeca
713 3674 746 3734 in
769 3699 794 3735 1.
815 3695 862 3754 7⁰·
883 3677 932 3756 75.
947 3679 994 3760 76
1014 3677 1065 3740 81.
1086 3678 1135 3740 82.
1155 3677 1191 3738 ln
1211 3676 1336 3760 reliquis
1350 3699 1426 3740 vero

312 3767 467 3832 codicibus
487 3769 525 3829 ah
545 3767 675 3831 indoctis
694 3769 826 3831 librariis
845 3770 894 3834 vel
914 3793 1039 3855 prorsus
1063 3772 1173 3834 omissa
1193 3782 1276 3847 snut,
1298 3795 1325 3833 v.
1348 3792 1377 3832 c.
1392 3771 1425 3832 in

312 3865 362 3924 25.
382 3885 432 3943 27·
452 3861 500 3937 45.
516 3860 564 3924 58.
581 3863 630 3924 6ι.
650 3863 697 3925 vel
717 3863 881 3926 admodum
902 3869 1055 3948 corrupta,
1078 3876 1109 3928 et
1127 3867 1158 3926 in
1179 3866 1282 3927 multis
1301 3887 1424 3949 quoque

309 3977 375 4017 non
396 3957 521 4018 Graecis
541 3975 680 4037 expressa
700 3957 814 4035 literis,
844 3960 897 4020 sed
917 3961 1038 4022 Latinis.
1067 3965 1132 4024 Nec
1151 3963 1279 4022 mirum:
1303 3964 1424 4024 Graeca

310 4067 399 4126 sunit
421 4075 483 4114 non
502 4051 650 4134 teguntur.
674 4064 750 4126 ἤθους
763 4066 815 4136 γὰρ
829 4067 931 4136 γλυκέος
944 4065 1026 4142 ἄνδρα
1041 4067 1155 4124 niuutdou
1176 4079 1221 4118 ιο.
1246 4058 1292 4119 18.
1308 4059 1356 4118 23.
1372 4062 1423 4132 48.

311 4149 361 4206 50.
382 4146 432 4207 56.
461 4147 509 4222 57·
530 4143 577 4221 59·
605 4147 657 4207 60.
678 4149 801 4224 62—69.
833 4153 955 4226 7ι-74,
987 4161 1017 4210 et
1037 4153 1081 4212 Xl
1113 4151 1202 4214 codd.
1229 4152 1321 4212 Puris.
1342 4173 1423 4232 qnae

310 4235 401 4298 verba
421 4235 511 4319 vulgo
529 4237 707 4298 referuntur
727 4240 763 4300 ad
782 4241 913 4302 blandas
932 4244 1074 4316 tabellas,
1096 4253 1127 4305 et
1147 4246 1188 4305 ita
1209 4244 1421 4327 explicantur:

310 4334 473 4398 Hominem
486 4333 565 4396 enim
579 4334 739 4400 cinaedum
754 4335 860 4398 blandi
880 4335 1036 4419 dulcisque
1049 4343 1143 4402 moris
1163 4339 1224 4405 scit
1239 4348 1303 4418 risu
1316 4354 1418 4423 ratres,
