3046 5498
331 371 525 472 xmffi
769 401 1111 492 mmm,

331 599 417 676 tam·
434 619 507 676 eun
532 584 592 676 iaso
621 603 719 676 batim
741 607 956 696 cognationem
976 601 1149 674 babuerunt
1168 600 1290 673 fabulae
1319 597 1455 672 Graeco·

332 726 404 774 rum
433 705 599 792 tamicae,
632 706 665 770 in
696 705 804 793 primia
835 707 1025 772 comicorum
1053 709 1212 792 politorum
1227 741 1237 783 ,
1255 711 1287 769 et
1308 705 1455 769 maiorem

332 803 416 870 forto
444 803 529 884 suti,
554 803 593 868 do
621 804 732 888 quibus
751 821 843 890 supra
863 803 1022 890 disputavi.
1043 803 1101 868 scd
1122 802 1243 866 illarum
1264 811 1296 866 ct
1314 802 1456 867 materies

332 987 474 1061 verbisque
483 986 647 1044 mordacibus
655 987 798 1044 incessendi
810 1007 871 1046 nus·
921 993 944 1056 1,
967 998 994 1055 3,
1019 995 1076 1046 t03.
1105 989 1155 1044 Sed
1182 989 1323 1044 Horatium
1350 985 1457 1061 stngutia

333 1093 413 1146 quam
423 1075 516 1128 Graeci
530 1075 611 1128 verbo
622 1073 723 1146 aliquo,
739 1097 754 1130 a
768 1077 869 1150 Satyris
920 1076 1077 1131 carminibus
1104 1075 1249 1130 Satirarum
1276 1095 1376 1130 nornen
1404 1093 1458 1130 non

333 1158 430 1228 petito,
442 1156 647 1229 insigniverunt‚
661 1159 706 1214 sed
719 1159 777 1214 aliis
786 1159 872 1213 omni·
922 1160 1091 1231 imposuisse,
1104 1161 1234 1230 Cataquius
1253 1161 1281 1214 in
1294 1179 1393 1216 comm.
1413 1179 1458 1215 suo

333 1239 384 1294 bus
400 1241 486 1311 potius
505 1241 545 1296 usi
558 1253 636 1308 sunt,
653 1261 795 1316 cannatas,
812 1241 873 1297 dra·
922 1261 954 1295 ex
972 1243 1099 1297 vetustiss.
1119 1242 1209 1308 codd,
1228 1241 1255 1295 in
1277 1243 1372 1315 quibus
1396 1241 1459 1296 baec

334 1339 438 1394 nuptas,
461 1323 612 1397 κωμῳδειν,
641 1327 787 1398 lapidatus,
812 1327 871 1399 ipa·
922 1325 1038 1380 carmina
1051 1327 1169 1398 Eclogae
1181 1326 1371 1393 inscribuntur,
1386 1339 1459 1380 extra

335 1407 435 1485 βριζιιν
443 1448 451 1474 ,
468 1411 607 1480 ipsumque
621 1413 765 1482 σατυριζειν
783 1410 816 1465 de
837 1411 874 1464 la·
923 1430 1030 1465 omnem
1041 1410 1208 1467 dubitationis
1219 1409 1302 1464 aleam
1314 1411 1377 1464 milri
1387 1411 1459 1464 vide·

336 1492 418 1548 scivio
442 1492 589 1564 petulanter
606 1513 635 1548 se
654 1506 804 1560 exserente,
820 1513 873 1548 non
923 1503 967 1548 tur
979 1495 1100 1568 posuisse.
1117 1496 1157 1547 Ex
1170 1493 1232 1565 ipsis
1246 1493 1324 1548 etiam
1336 1495 1457 1548 ctrmini·

336 1575 370 1631 ‹le
382 1576 551 1632 mordacitate
561 1588 587 1631 et
594 1578 795 1633 subsannatione
806 1597 875 1632 aoce-
924 1578 973 1632 bus
986 1590 1097 1645 constat,
1110 1578 1211 1650 singula
1221 1579 1337 1650 primum
1351 1577 1382 1632 ad
1393 1579 1457 1632 ami-

336 1671 449 1730 perunt,·
475 1670 552 1732 utque
579 1680 625 1716 του
653 1664 753 1726 nardus
782 1663 821 1718 vis
848 1673 875 1716 et
924 1681 969 1716 cos
985 1681 1039 1716 esse
1059 1663 1138 1716 missa
1160 1673 1186 1716 et
1206 1665 1291 1734 paucis
1316 1661 1460 1715 admodum

335 1743 506 1814 significatio,
532 1745 600 1817 quod
625 1749 782 1819 Satyrorum
810 1765 871 1816 pro·
925 1744 1048 1810 recitata,
1066 1748 1120 1800 Sat.
1144 1749 1166 1812 1,
1191 1754 1217 1810 4,
1237 1753 1270 1800 73
1288 1764 1343 1815 seq.
1369 1743 1462 1798 deinde

336 1829 424 1899 prium
453 1849 507 1886 esse
534 1831 650 1900 dicitur,
688 1831 721 1884 de
749 1830 875 1902 petulanti
925 1827 967 1884 vel
981 1819 1012 1882 ab
1026 1829 1081 1900 ipso
1094 1837 1212 1895 auctore,
1232 1827 1276 1881 uel
1290 1829 1323 1882 ab
1340 1825 1392 1881 alio
1406 1829 1460 1880 Vc·

337 1931 429 1968 eorum
455 1912 589 1969 saltatione
609 1916 708 1988 patius,
735 1935 816 1989 quam
842 1915 875 1970 de
926 1912 1033 1968 nusinae
1067 1932 1156 1967 musae
1182 1923 1287 1967 amante
1322 1913 1426 1980 (immo
1449 1930 1463 1964 a

338 1994 472 2052 dicacitate
486 1995 515 2052 in
531 1997 595 2052 alios
611 2018 638 2052 se
651 2009 782 2052 exserente
793 2001 875 2052 inter·
926 1997 1124 2065 Grammaticia;
1148 1998 1182 2052 cs.
1206 2001 1298 2071 Iieyne
1324 1997 1358 2050 de
1382 2015 1463 2050 carm.

338 2078 497 2150 pretendum
516 2091 563 2136 est.
581 2081 668 2154 Satyri
682 2081 788 2151 quidem
803 2090 876 2136 crant
926 2081 1013 2138 bucol.
1032 2084 1064 2138 T.
1080 2087 1099 2136 1.
1113 2082 1175 2137 edit.
1187 2083 1281 2156 Virgil.
1294 2103 1344 2136 sec.
1357 2103 1382 2154 p.
1399 2084 1465 2148 au),

339 2164 433 2220 salaces
441 2205 450 2234 ‚
467 2167 627 2238 petulantes,
653 2167 801 2239 saltatores3
833 2187 877 2222 eos
926 2165 1467 2240 eclogaerruminesinguiissortassoindi·

340 2261 428 2304 autem
442 2251 555 2306 dicteriis
569 2251 633 2305 alios
645 2250 793 2319 incessisse,
810 2271 873 2306 nus·
927 2262 970 2319 to,
983 2253 1010 2306 in
1022 2249 1101 2307 libros
1111 2251 1218 2308 collecta
1229 2266 1255 2308 et
1266 2252 1366 2324 digesta
1375 2251 1467 2306 viden·

339 2353 420 2404 quem
437 2335 504 2407 apud
514 2335 792 2401 Graecos,eoealtcm
806 2355 877 2390 non·
928 2353 979 2393 tur.
1003 2339 1032 2390 ln
1057 2337 1175 2410 ipsorum
1199 2357 1311 2392 numero
1335 2336 1467 2408 quaedam

340 2420 405 2474 duan
419 2430 553 2492 tempore,
569 2441 622 2492 quo
633 2421 725 2475 drama
735 2422 877 2495 satyricum
927 2439 1030 2492 quinque
1043 2433 1119 2486 sunt,
1142 2421 1235 2492 quibus
1248 2421 1347 2476 Smirae
1359 2419 1467 2486 titulus,

340 2506 456 2574 vigeret,
473 2501 560 2576 legere
578 2524 621 2558 nae
642 2504 767 2573 memini,
792 2524 878 2579 neque
928 2507 983 2558 slve
997 2504 1130 2576 antiquam
1145 2505 1219 2559 verbi
1233 2507 1288 2560 vina
1305 2505 1468 2569 retinueris,

313 2610 316 2616 ·
338 2581 391 2640 boc
403 2585 430 2640 in
442 2585 487 2640 illa
500 2587 631 2653 dramate,
646 2587 756 2642 inscena
768 2583 878 2660 a'genclo,
927 2589 983 2642 sive
996 2608 1091 2644 novam
1110 2588 1183 2643 illarn
1201 2589 1356 2657 subieceris,
1373 2609 1471 2662 parum

342 2669 485 2725 obtinuisse
496 2673 646 2726 existimor
661 2677 737 2744 put.
752 2675 879 2728 uNomen
928 2673 1067 2727 convenire
1079 2671 1208 2742 uideatur,
1226 2673 1276 2728 nisi
1292 2674 1472 2739 contenderis,

343 2759 435 2809 sasitos
459 2753 492 2809 ad
516 2755 649 2810 Ennianus
671 2767 697 2812 et
721 2759 881 2812 Pacuvianus
929 2755 1066 2811 Horatium
1079 2759 1121 2811 vel
1136 2777 1165 2811 ea
1177 2760 1305 2825 cernrina,
1319 2757 1384 2829 quae
1395 2769 1474 2811 certo

343 2838 447 2902 satiras,
462 2836 489 2892 in
500 2838 721 2910 quibusprimum
733 2839 879 2895 adhibitum
931 2850 956 2893 et
970 2841 1044 2894 linito
1066 2839 1142 2894 alicui
1159 2842 1250 2914 generi
1274 2841 1393 2913 subiungi
1414 2861 1475 2895 non

343 2931 397 2988 est¹
409 2921 512 2994 proprie
521 2923 659 2992 pertinuit,
671 2942 723 2977 non
736 2924 767 2977 sd
777 2925 881 2996 singula
930 2924 1085 2996 potuissent,
1108 2925 1201 2978 eadem
1217 2925 1401 2998 inscriptione,
1427 2925 1477 2981 cui

345 3006 462 3059 sennim
481 3005 688 3072 Horatii,Persii
704 3008 881 3065 etluvenslis.
931 3007 1039 3062 rniuinrs
1065 3008 1267 3079 responderent,
1286 3009 1400 3082 gaudere
1418 3027 1475 3062 no·

346 3090 415 3145 llam
442 3089 475 3144 ab
499 3090 587 3144 Ennio
611 3101 638 3146 et
662 3091 773 3146 Pacuvio
801 3093 881 3152 libros
931 3089 1017 3146 luisse.
1030 3091 1089 3146 Pari
1101 3093 1182 3147 modo
1193 3093 1343 3148 Sermonum
1362 3105 1389 3148 et
1400 3096 1477 3164 Epi·

346 3173 463 3245 integros
474 3171 613 3228 Satiranun
630 3173 735 3229 nomine
748 3175 882 3247 insignitos
931 3175 1050 3230 stolmm
1059 3175 1252 3248 inscriptionem
1262 3178 1481 3234 ablioratioesse

348 3251 442 3320 fuisse,
467 3271 520 3306 non
547 3253 649 3326 singula
674 3253 804 3310 librorum
822 3273 881 3328 seg·
934 3259 1090 3330 profectum,
1115 3259 1218 3332 probari
1235 3261 1309 3315 nullo
1326 3262 1406 3317 modo
1420 3283 1479 3335 po-

347 3347 454 3403 menta,
465 3357 579 3409 quorum
592 3339 717 3394 varietate
729 3352 804 3394 erant
814 3359 884 3394 com-
936 3353 986 3398 test
992 3381 1002 3407 ,
1017 3361 1173 3414 quamquam
1194 3345 1249 3416 ipse
1265 3345 1326 3399 huic
1340 3349 1378 3399 rei
1395 3365 1479 3400 occa·

348 3423 442 3494 positi,
455 3425 517 3478 satis
530 3435 648 3479 constare
663 3425 766 3478 vidctnr
776 3445 807 3478 ex
818 3427 884 3479 Var·
935 3425 1035 3480 sionem
1046 3423 1148 3480 dederit
1157 3428 1212 3480 Sat.
1224 3428 1242 3494 l,
1253 3432 1317 3496 4,39
1325 3447 1379 3499 seq.
1390 3429 1481 3499 Epist.

350 3525 432 3577 rone,
456 3507 563 3564 illonrm
587 3509 706 3564 virorum
735 3509 884 3576 imitatore,
936 3509 959 3573 1,
978 3515 1005 3572 t,
1026 3509 1146 3574 t.11‚t,
1171 3513 1222 3565 250
1249 3529 1303 3581 seq.
1339 3511 1483 3580 (Libellos

352 3593 425 3647 cuius
440 3591 546 3646 satiram
563 3592 683 3647 eamdem
696 3591 798 3647 Gellius
816 3597 838 3659 1,
851 3599 884 3648 22
937 3603 1011 3646 vocat
1027 3592 1124 3648 Satires
1145 3593 1226 3665 Epist.
1243 3598 1265 3660 1,
1289 3602 1332 3660 43,
1355 3600 1402 3665 4.)
1422 3599 1484 3652 Sed

351 3676 401 3730 sub
416 3681 521 3745 mirae,
534 3686 561 3730 et
571 3677 643 3740 Xlll,
659 3685 685 3730 tt
703 3677 821 3732 sublidra'
834 3697 883 3732 no·
937 3682 1065 3728 vetustam
1092 3692 1151 3727 eam
1175 3693 1230 3729 esse
1255 3675 1349 3747 probat
1381 3677 1484 3734 Sidon.

352 3761 426 3815 mine
445 3759 545 3816 excitat.
572 3760 630 3829 (Cf.
657 3780 723 3833 quae
748 3780 827 3832 supra
853 3761 887 3815 de
937 3757 1063 3829 apollin..
1085 3758 1167 3829 Epist.
1188 3759 1220 3812 ad
1245 3763 1360 3817 Tonant.
1386 3764 1486 3818 Etiam

353 3843 441 3900 Ennio
456 3845 541 3916 dixi.)
568 3847 668 3900 Forsan
681 3846 760 3900 etiarn
777 3844 889 3901 Lucilius
939 3841 1103 3915 grammatici
1112 3844 1227 3914 epistolas
1236 3847 1336 3901 Horatii
1347 3860 1374 3902 et
1386 3867 1487 3904 sermo·

353 3925 451 3995 libros,
464 3947 518 3983 non
532 3929 729 3984 eonsmdiversi
742 3930 888 4002 argumenti
940 3927 1084 3982 raucitant.
1108 3929 1148 3980 De
1165 3929 1271 3994 Persio,
1293 3933 1431 4003 quomodo
1450 3934 1486 3990 li-

355 4012 497 4076 sectiones,
519 4011 616 4066 Satires
631 4012 767 4085 inscripsit.
789 4013 889 4066 Verum
939 4011 1016 4066 brum
1034 4029 1110 4064 suurn
1137 4010 1294 4083 inscripserit
1311 4026 1355 4068 sut
1371 4019 1486 4090 singula

355 4111 491 4165 progressu
508 4096 633 4168 temporis
656 4097 761 4151 tandem
780 4096 890 4152 verbum
939 4097 1069 4164 earmina,
1087 4091 1153 4148 nilril
1165 4097 1230 4150 certi
1245 4095 1339 4170 liquet.
1355 4099 1490 4158 Pithoeus

285 4207 292 4230 s
358 4173 407 4230 lsoe
431 4178 565 4249 antiquam
584 4197 658 4234 suam
678 4183 733 4234 vim
760 4179 889 4245 amisisse,
940 4177 969 4232 in
994 4188 1097 4232 vetusto
1122 4177 1209 4249 aliquo
1231 4182 1289 4236 eod.
1315 4182 1343 4235 in
1369 4183 1491 4256 singulis

357 4269 385 4316 et
411 4259 444 4314 ed
468 4262 597 4319 scribendi
621 4283 702 4337 genus
727 4265 891 4320 Lucilianum
941 4261 1041 4336 paginis
1052 4261 1123 4318 hunc
1136 4263 1242 4320 titulum
1255 4267 1387 4324 invenisse
1401 4283 1492 4330 teste·

357 4342 595 4416 translatumesse,
613 4347 688 4404 ualde
700 4347 832 4421 probabile
845 4359 892 4404 est.
941 4359 997 4402 turs
1017 4346 1202 4410 Tlaedsidoawn
1218 4349 1303 4406 Persii
1321 4353 1442 4428 Satyra,
1463 4369 1495 4416 et

359 4428 563 4494 caunensis
575 4435 608 4508 11,
622 4442 680 4512 ut.
696 4445 723 4498 es
736 4435 800 4496 stat.
816 4434 894 4520 sylv.
942 4432 1105 4496 usucap
1115 4431 1245 4512 nepum
1254 4435 1382 4502 suum.
1394 4453 1497 4523 satyra
