3046 5498
542 391 812 466 scatanavia
1056 353 1068 378 ”
1137 399 1237 470 xxv.
1341 491 1345 504 ἡ

105 602 230 675 amnuit
252 601 385 688 tantu,
415 609 460 686 (ι)
481 611 512 672 st
538 601 754 696 Hipponactis,
782 599 952 672 incentoris
980 623 1085 680 remus
1114 601 1237 674 iambici

109 703 271 782 immotis,
296 705 354 790 qut
374 705 574 770 amaritudine
594 707 764 770 carminum
779 701 925 789 quosdam
939 704 977 771 ad
992 705 1133 792 laqueum
1148 721 1237 770 cnm·

117 800 215 890 palisse
233 803 450 876 credebatur,
471 809 545 866 teste
566 803 642 867 Plin.
664 803 724 881 36,
748 801 775 868 5.
808 803 892 891 quod
915 803 1004 868 stiam
1028 803 1067 868 de
1092 791 1237 866 hachila*

121 903 173 965 aba
188 911 317 984 praeter
339 899 416 962 alins
437 899 529 962 tradit
548 895 651 961 llorat.
673 899 771 984 Epod.
793 897 855 980 vt,
887 905 931 968 13.
951 911 982 965 et
995 899 1126 986 Epistola
1147 901 1238 980 l,19,

124 999 205 1074 ah),
225 1006 258 1059 et
280 998 474 1072 didactica,
498 1007 532 1058 ut
551 997 714 1060 Simonidis
734 1005 842 1082 po'e'ma
863 998 902 1062 de
921 997 1092 1061 mulierum*
1104 997 1240 1058 moribus

122 1103 149 1155 et
162 1092 250 1170 Sitti,
274 1105 364 1160 autina
384 1116 413 1155 s:
432 1105 529 1171 nullut,
550 1094 684 1154 carmina
699 1095 860 1169 maledica,
881 1111 943 1156 non
959 1117 974 1154 a
989 1092 1141 1154 dicacibus
1162 1103 1240 1160 rald-

121 1191 242 1266 »named
265 1215 284 1252 a
308 1207 404 1260 atriano
430 1189 478 1252 ael
498 1205 653 1273 nullatanus,
679 1211 734 1273 per
765 1191 931 1254 ludibrium
952 1189 1055 1252 oculos
1076 1187 1242 1270 agitarent

119 1287 246 1350 dicteriis
268 1289 408 1372 aliquem
428 1290 644 1374 proscindere,
664 1291 708 1354 sie
722 1289 803 1352 dieta
827 1288 929 1362 (unde
942 1289 1032 1348 etiam
1044 1297 1126 1360 erata,
1139 1305 1243 1346 scom-

113 1404 153 1443 ια
173 1392 207 1444 et
239 1383 393 1448 dicacitas
424 1395 593 1461 vocatur),
621 1386 722 1470 qualia
753 1387 868 1448 Timon
900 1384 1043 1447 Phliasius
1077 1379 1243 1445 Ptolemaei

110 1477 311 1564 Philadelphi
332 1492 433 1544 aetate
453 1491 483 1544 et
512 1481 713 1567 Xenophanes
733 1483 859 1544 Lesbius
880 1482 1029 1554 heroicis,
1056 1475 1193 1540 iambicis
1212 1487 1244 1537 et

109 1574 251 1657 elegiacis
272 1578 416 1640 versibus
436 1579 602 1662 scripsere:
635 1600 707 1638 nam
738 1577 872 1660 plurium
904 1575 1171 1659 Sillograpborum
1191 1571 1243 1633 aix

110 1671 238 1732 nomina
259 1672 451 1748 innotuere,
483 1683 514 1734 et
541 1675 651 1734 honum
672 1694 793 1757 quoque
814 1672 902 1756 pauci
923 1682 1043 1732 tantum
1063 1687 1167 1731 versus
1187 1685 1244 1726 re-

110 1776 208 1841 stant,
244 1790 262 1828 a
286 1768 430 1850 Diogene
458 1769 579 1830 Ladrlio
605 1770 756 1851 Sextoque
784 1767 940 1850 Empirico
968 1763 1125 1827 memorati
1150 1771 1180 1824 et
1206 1759 1246 1821 ab

112 1861 213 1922 Esar.
232 1861 399 1944 Stephano
420 1861 481 1944 (in
502 1863 589 1924 Poesi
609 1861 717 1944 philos.
731 1875 761 1936 )‚
792 1859 1017 1944 Langheinrich
1038 1858 1092 1932 (in
1107 1856 1188 1917 Dias.
1203 1854 1245 1913 ll.

113 1955 149 2018 de
168 1955 314 2020 Timone
335 1959 416 2041 Lips.
441 1978 527 2038 1720.
551 1969 652 2040 1721),
673 1955 852 2019 casaubono
880 1956 932 2031 (de
952 1956 1015 2016 sat.
1029 1955 1118 2014 Rom.
1133 1974 1160 2032 p.
1173 1971 1246 2010 222·

72 2053 79 2069 “
114 2053 210 2128 223.)
233 2066 265 2116 et
287 2055 446 2116 Branchio
468 2055 525 2127 (in
539 2054 625 2116 Anal.
646 2055 686 2114 V.
701 2055 734 2114 P.
749 2055 787 2114 T.
811 2053 851 2113 ll.
877 2075 908 2135 p.
928 2052 966 2128 67
988 2059 1074 2134 seq.)
1095 2047 1240 2118 collecti,

116 2149 227 2232 quibas
248 2150 431 2234 philosophi
451 2149 668 2232 cuiuscumque
690 2148 808 2231 generis
831 2147 976 2209 dicaciter
997 2144 1167 2206 illuduntur
1188 2151 1247 2204 eta

118 2247 251 2308 Timone
273 2268 386 2328 graves
406 2267 492 2328 saepe
513 2257 543 2308 ct
574 2246 750 2328 magnificae
777 2245 904 2306 Homeri
935 2242 1122 2314 locutiones,
1154 2247 1186 2299 ut
1215 2238 1247 2298 in

127 2358 261 2428 :appatens
297 2343 352 2420 fit,
383 2345 608 2404 transferuntur
635 2343 672 2403 ad
699 2363 748 2406 rea
770 2341 907 2402 ludicras.
942 2340 1028 2416 Quae
1048 2335 1249 2418 Xenophanes

133 2450 277 2523 Ρῐῦθῑθῖθὲ
296 2455 415 2526 γέγραφε
433 2455 458 2508 ἐν
480 2454 549 2508 ἔπεσι
566 2456 609 2507 anri
626 2454 736 2524 ἐλεγείας
761 2453 804 2506 καὶ
826 2449 933 2522 ἰάμβους
955 2437 1061 2505 (s01'le
1075 2445 1195 2515 ἐλεγείαις
1220 2438 1250 2490 el

87 2597 91 2604 Ι
130 2547 256 2620 ῑάμρως)
274 2537 332 2588 καθ’
349 2533 460 2590 Ησιόὸου
480 2537 524 2588 καὶ
539 2539 662 2606 Ομήραυ,
678 2535 821 2588 ἐπικόπτων
846 2536 893 2607 (f.
908 2541 1095 2605 ἐπισκώπτων)
1113 2546 1197 2598 αὐτῶν
1215 2545 1248 2598 τὰ

128 2649 187 2716 περὶ
204 2650 266 2702 dada
281 2649 425 2721 εἰρημένα,
447 2635 471 2694 si
488 2633 606 2695 Laertio
621 2633 677 2712 lX,
696 2633 730 2694 18
745 2640 822 2694 extr.
845 2627 917 2689 fides
939 2627 1096 2702 habenda,
1116 2626 1249 2688 interci-

124 2729 245 2794 (lerunt.

161 2831 188 2888 A
211 2830 407 2891 Graecorum
427 2827 612 2890 carminibus
632 2825 786 2888 maledicis
807 2824 866 2884 iana
883 2815 1165 2906 progrediamurad
1181 2819 1245 2878 llo·

124 2942 210 2983 mana
232 2935 264 2986 et
283 2927 375 2986 simul
397 2948 413 2986 a
433 2927 565 2986 Graecae
579 2929 700 3004 poeseos
716 2920 892 3003 primordiis
904 2929 933 2980 et
947 2914 1156 2989 incrementis,
1171 2932 1247 2996 quae

124 3020 228 3101 paucis
247 3020 468 3094 delibavimus,
499 3020 537 3080 ad
557 3017 709 3091 siuuilem,
731 3037 829 3097 neque
850 3037 866 3074 a
888 3017 1075 3076 Graecorum
1098 3010 1247 3070 imitatio-

127 3135 164 3176 ne
184 3123 292 3199 (quae
316 3127 389 3178 tnnc
403 3117 525 3176 demam
541 3115 656 3195 coepit,
670 3134 764 3196 quirun
780 3111 935 3192 ingenium
951 3119 1013 3167 arte
1028 3097 1214 3166 forraaaretur
1225 3112 1248 3177 ),

126 3211 179 3271 scd
199 3233 216 3270 a
238 3223 348 3273 natura
369 3213 538 3296 prolectam
561 3211 709 3293 originem
730 3209 906 3289 lentumque
920 3223 1115 3287 progressum
1131 3201 1249 3276 uuna,-

126 3331 185 3369 nac
205 3309 353 3391 poetices.
373 3309 419 3370 Est
440 3309 514 3369 locis
535 3305 663 3368 classicis
683 3303 772 3385 Virg.
787 3305 843 3363 Ge.
865 3301 908 3375 11,
931 3300 990 3363 385
1011 3319 1070 3378 seq.
1096 3307 1127 3356 et
1140 3295 1250 3368 Horat.

127 3403 223 3480 Epist.
240 3404 281 3475 ll,
302 3427 326 3476 a,
346 3403 512 3486 139-167.
526 3401 722 3481 intelligitur,
738 3397 844 3480 priscis
860 3393 1047 3476 tenrtporibus
1062 3391 1100 3450 ab
1115 3389 1253 3471 agricolis

125 3496 208 3555 Latii
232 3497 386 3557 Liberalia
407 3507 437 3557 et
457 3497 547 3558 leatus
567 3493 631 3554 dies
652 3503 716 3575 post
738 3511 864 3553 messem
885 3488 1038 3550 conditam
1060 3485 1167 3546 eodem
1188 3485 1252 3543 fere

126 3593 249 3671 modo,
269 3617 333 3676 qno
354 3617 369 3654 a
391 3593 535 3667 Graecis,
562 3590 725 3672 eademqne
746 3589 863 3649 ludicra
886 3607 939 3669 per
971 3605 1062 3668 pagos
1085 3591 1149 3643 acta
1171 3599 1248 3650 esse,

128 3713 184 3753 eos
205 3691 239 3750 in
261 3691 390 3754 deorum
412 3689 557 3752 ruralium
580 3687 726 3746 honorem
742 3686 883 3745 cecinisse
898 3683 1027 3764 hymnos
1042 3689 1072 3740 et
1087 3699 1147 3738 non
1163 3675 1253 3738 modo

129 3786 238 3848 oscilla
260 3789 322 3848 sire
340 3788 439 3849 laruas
459 3807 475 3848 e
496 3783 657 3846 corticibus
682 3783 776 3842 factas
806 3778 963 3840 arboribus
994 3773 1191 3858 appendisse,
1222 3780 1255 3829 ut

129 3883 181 3944 his
203 3883 314 3945 Bacchi
335 3883 515 3966 imaginibus
535 3889 624 3944 vento
639 3897 860 3962 quaquaversus
889 3874 1005 3956 agitatis
1021 3870 1148 3931 maxima
1164 3887 1257 3947 agro«
1333 3914 1335 3921 .

130 3999 207 4039 rum
230 3979 352 4040 ubertas
383 3977 623 4052 diffunderetur,
653 3973 705 4034 sed
731 3971 766 4032 iis
786 3989 908 4054 quoque
930 3989 983 4029 ora
1004 3963 1168 4026 obduxisse
1189 3979 1255 4031 sua;

130 4073 323 4158 eosdemque
344 4075 385 4135 ita
406 4079 629 4158 personuisset
648 4069 719 4133 rino
741 4088 843 4152 graves
863 4060 1124 4148 praetereuntibus
1143 4057 1258 4139 sibique

172 4285 313 4358 (t)Exhis
323 4281 482 4340 acrbismale
497 4277 678 4358 quitlamcolli·
729 4287 787 4335 ante
802 4277 831 4332 ad
846 4271 952 4331 dicteria
969 4269 1095 4326 adhibitus
1109 4267 1189 4340 iisque
1203 4283 1262 4338 pro«

134 4383 223 4445 gunt,
239 4371 409 4426 Archilocnm
422 4371 499 4424 luisse
516 4372 680 4423 inventorem
731 4364 801 4436 prius
813 4362 871 4428 suit;
887 4359 956 4414 unde
969 4357 1095 4429 ἰαμβίζειν
1115 4351 1261 4418 corarieinrt',

136 4458 227 4516 lambi
236 4478 259 4520 s,
266 4457 475 4530 ambianense,
482 4455 527 4529 ‹pui
537 4455 590 4512 ianr
598 4452 681 4510 multo
732 4463 759 4510 et
772 4446 865 4526 ἴαμβος
881 4464 981 4506 carmen
993 4443 1151 4500 medicum.
