3046 5498
334 393 390 502 lii·
433 417 439 444 ’
674 481 680 494 .
743 429 800 496 on
835 431 1044 497 sarrnrcrs

335 637 428 706 aaut.
454 637 586 702 Hieron.
617 637 649 700 in
672 637 766 722 Epist.
787 637 994 722 nd'ldagnuru
1014 649 1192 717 oratorem,
1211 649 1242 703 et
1257 637 1391 718 Snidus,
1409 639 1470 726 qni

334 743 436 798 tamen
457 733 555 796 multa
576 733 616 798 dc
636 755 673 796 co
694 735 770 796 falsa
792 741 822 798 et
842 735 944 819 inepta
973 736 1091 812 tradit)
1118 735 1196 798 forte
1217 747 1248 798 et
1267 735 1403 799 libellum
1427 738 1470 800 de

335 841 445 898 natura
476 831 630 907 deorum,
660 831 715 912 qni
737 830 889 894 Pharuuti
912 831 1004 914 vulgo
1026 853 1140 895 nomen
1162 853 1235 914 prae
1256 853 1287 893 se
1308 835 1388 908 fert,
1408 853 1472 896 nco

335 947 399 996 uon
419 927 640 993 somnientaria
661 927 693 987 in
715 927 881 1009 Virgilium
903 938 934 988 at
956 913 1051 989 librol
1072 928 1110 989 de
1126 928 1230 1010 figuris
1244 929 1470 991 sententiarum

336 1023 1035 1106 ‹v.cett.1t‚s.1x‚gatrauam,
1066 1027 1162 1103 19.>=
1183 1047 1199 1084 a
1217 1027 1342 1088 Nerone
1362 1039 1469 1088 autem

335 1129 462 1204 propter
483 1119 611 1182 liberius
631 1118 670 1180 dc
690 1119 755 1180 cius
776 1118 963 1180 carminibus
996 1117 1142 1180 iudicium
1169 1121 1277 1182 exsilio
1302 1119 1470 1183 mulctatus

336 1224 381 1278 ast
403 1224 451 1292 (v.
467 1215 577 1276 Euseb.
607 1214 627 1275 l.
648 1213 710 1276 lat
730 1215 791 1275 Dio
813 1213 896 1274 Cass.
908 1213 1010 1274 LXII.
1033 1223 1161 1290 extu),
1186 1225 1217 1275 et
1245 1226 1347 1298 postea
1375 1217 1471 1278 inter-

239 1316 242 1324 '
335 1313 432 1376 faetus
464 1334 535 1376 cum
566 1311 723 1373 Musonio¹
743 1309 927 1384 (abscidas
957 1319 988 1370 et
1009 1309 1097 1371 Voss.
1118 1311 1158 1372 dc
1180 1311 1248 1372 bist.
1270 1311 1335 1373 Lat.
1357 1313 1392 1387 1,
1415 1313 1471 1375 26.

335 1409 390 1477 ubi
413 1410 547 1474 diversas
570 1409 764 1470 narrationes
785 1406 850 1468 illas
874 1407 913 1466 ita
928 1406 1099 1468 conciliavit
1112 1417 1134 1481 ).
1150 1409 1299 1469 Eumdem
1330 1431 1469 1493 compo-

340 1505 435 1568 suissa
455 1503 587 1577 satiras,
617 1502 773 1584 colligitur
799 1523 837 1564 cx
860 1501 960 1564 serbis
981 1502 1006 1562 F
1010 1500 1135 1583 uigentii
1157 1501 1329 1565 Planciadis
1354 1505 1385 1566 iu
1404 1527 1468 1567 ex-

341 1602 428 1683 posit.
455 1621 546 1661 serm.
558 1609 618 1660 aut.
654 1599 863 1659 Titivillitium
882 1599 948 1658 dici
967 1597 1129 1658 uoluerunt
1150 1597 1208 1667 iiia
1224 1599 1367 1681 putrido,
1386 1623 1468 1685 quaa

338 1695 378 1757 da
405 1696 472 1758 telis
501 1689 640 1758 cudunt.
659 1696 793 1758 Plautus
823 1695 941 1756 Casina
973 1693 1026 1768 11,
1061 1696 1100 1766 5,
1131 1693 1181 1773 39.
1212 1698 1285 1757 Non
1304 1719 1357 1781 ego
1379 1697 1471 1758 istud

336 1796 457 1854 verbum
480 1796 613 1854 suscitem
633 1793 810 1863 titiviilitio,
835 1791 871 1850 id
891 1805 952 1863 est,
974 1813 1008 1851 re
1021 1789 1191 1852 admodum
1207 1793 1365 1853 vilissima.
1380 1796 1469 1854 Nam

334 1905 365 1952 et
388 1892 434 1950 M.
456 1889 606 1950 Cornutus
630 1893 663 1950 ιἰι
686 1890 802 1967 Satyra
815 1889 879 1949 uit:
898 1889 1048 1948 Titiviiles
1060 1889 1171 1949 Flacca
1184 1888 1226 1949 do
1242 1889 1304 1950 tibi.
1319 1891 1362 1950 ita
1384 1888 1472 1950 bone

335 1987 440 2049 locum
461 1985 603 2048 exhibuit
621 1987 769 2047 Muuker.
791 1984 824 2044 iu
837 1983 995 2066 Mytbogr.
1012 1983 1076 2042 Lat.
1093 1985 1131 2044 T.
1148 1985 1189 2045 11.
1204 2007 1234 2066 p.
1255 1987 1324 2065 175.
1346 1984 1471 2047 Casan·-

336 2081 437 2146 bonus
453 2102 527 2143 saro
541 2080 580 2142 dc
594 2081 657 2143 Sat.
671 2083 760 2142 Rom.
775 2101 806 2162 p.
817 2077 887 2154 234.
903 2089 933 2139 et
948 2076 1017 2140 235.
1029 2077 1069 2138 ita
1077 2077 1182 2139 citavit
1195 2089 1343 2161 postrema
1357 2081 1467 2144 narba:

341 2177 509 2241 Titivillitii
522 2191 571 2239 sot
584 2177 658 2238 redo
673 2177 747 2252 tibi,
766 2185 798 2238 et
813 2177 886 2236 baec
900 2174 1057 2238 adnotavit
1071 2199 1079 2236 ι
1098 2201 1113 2230 a
1127 2176 1269 2238 Fortasse
1284 2177 1447 2260 legendum
1461 2201 1470 2238 ε

341 2277 514 2338 Titivillitio
528 2278 601 2337 istas
614 2275 690 2336 cedo
705 2275 758 2335 tibi
772 2273 855 2346 (Sed
869 2296 896 2336 v.
912 2273 1050 2334 Gronov.
1066 2271 1102 2332 ad
1117 2271 1212 2333 Plant.
1229 2273 1248 2332 l.
1265 2273 1319 2348 1.).
1335 2273 1471 2335 Videtur

339 2372 392 2434 hic
412 2393 476 2433 esse
494 2375 638 2442 Annaeus
658 2372 839 2433 Cornutus:
865 2391 955 2454 qaam
978 2369 1019 2430 ob
1035 2389 1100 2429 rem
1121 2370 1214 2436 rerba
1230 2370 1324 2430 Persii
1341 2370 1403 2431 Sat.
1417 2371 1470 2446 V,

341 2468 387 2530 15.
409 2488 488 2549 qnae
508 2466 564 2527 sub
585 2488 713 2550 persona
733 2465 863 2526 Cornuti
887 2465 1151 2548 pronunciantur:
1173 2466 1323 2547 pallentes
1354 2464 1472 2527 rudem

292 2631 297 2640 ,
338 2583 439 2624 mores
470 2565 587 2624 Doctus
609 2575 636 2622 et
657 2566 786 2644 ingenuo
817 2561 940 2642 culpam
962 2559 1096 2642 dspigere
1116 2559 1211 2636 ludo,
1232 2559 1273 2620 ita
1289 2569 1368 2643 ‘puto
1390 2563 1472 2622 acci·

287 2693 298 2710 -
337 2659 466 2742 pianda,
488 2669 521 2719 ut
540 2659 623 2720 dicta
644 2659 819 2734 Cornutus,
840 2679 872 2718 sa
893 2657 1030 2718 Persium
1040 2656 1226 2739 discipulum
1238 2679 1328 2719 suum
1343 2659 1375 2718 iu
1388 2659 1471 2720 acri-

338 2754 447 2816 handis
467 2753 576 2815 Satiris
596 2755 771 2816 exercuisse
782 2763 812 2814 ct
828 2755 884 2813 bac
899 2753 1058 2814 occasione
1072 2753 1246 2828 interdum,
1261 2753 1345 2816 velut
1358 2775 1470 2816 exem-

340 2848 386 2933 pli
407 2871 516 2926 causa,
537 2850 650 2911 Satires
671 2849 871 2932 scripsisse.»
896 2883 935 2898 --
957 2851 1059 2912 Satira
1081 2851 1168 2910 Gavii
1192 2859 1204 2922 (
1216 2871 1278 2910 non
1296 2851 1401 2911 Galbis'
1420 2849 1474 2914 rel

341 2947 455 3021 Gabii,
483 2967 560 3030 quae
591 2948 695 3028 ignota
726 2957 797 3007 sunt
818 2947 955 3028 gentium
977 2945 1131 3021 nomina)
1152 2947 1256 3020 Bassi,
1276 2947 1357 3007 forte
1378 2948 1474 3019 ains,

340 3061 436 3126 qnam
457 3043 610 3104 Traianus
631 3041 775 3103 Ponticae
796 3043 942 3123 praefecit
963 3064 1035 3104 orae
1057 3051 1107 3114 (ιι.
1130 3039 1205 3102 ΡΙίιι.
1218 3044 1275 3124 Ep.
1296 3044 1346 3118 X,
1372 3047 1418 3106 ιδ.
1441 3053 1475 3104 et

339 3137 434 3215 bu),
461 3136 601 3198 laudatur
633 3137 731 3199 eidem
767 3135 930 3220 Fulgentio
965 3139 985 3198 l.
1017 3137 1036 3198 l.
1069 3159 1099 3220 p.
1124 3155 1190 3217 179.
1216 3139 1352 3200 Veruina
1373 3139 1475 3200 iaculi

337 3255 431 3319 genus
450 3235 597 3318 longum,
615 3233 699 3318 quod
718 3235 817 3319 aliqui
836 3249 970 3296 verutum
989 3237 1159 3295 nominant.
1189 3236 1306 3296 Gavius
1325 3237 1474 3314 Bassus,

339 3329 463 3394 Saturis
488 3330 627 3391 Ver-uina
648 3329 871 3408 consbdiende,
894 3351 956 3391 non
976 3345 1005 3391 te
1026 3331 1119 3391 nauci
1126 3333 1231 3414 socio.
1251 3330 1313 3392 Sed
1338 3333 1473 3393 Werns-

339 3425 416 3490 dori
432 3425 491 3487 iam
512 3427 591 3489 bana
611 3428 733 3488 monuit
755 3427 775 3486 l.
796 3427 816 3487 l.
829 3449 857 3508 p.
878 3425 964 3488 XlX.
985 3425 1138 3488 vocabulo
1163 3427 1284 3488 Satirue
1306 3447 1475 3488 commen-

340 3521 455 3582 tarium
485 3522 612 3582 fortasse
647 3521 854 3582 miscellarum
889 3521 1135 3582 observationum
1174 3521 1327 3594 indicari,
1366 3522 1476 3603 quales

259 3658 262 3664 -
338 3615 421 3679 Bassi
452 3617 565 3678 inerint
590 3617 660 3677 libri
681 3617 720 3678 de
741 3617 807 3677 Diis
827 3625 857 3677 et
877 3615 915 3678 de
936 3617 1055 3698 origine
1088 3615 1276 3692 verborum,
1297 3615 1336 3677 da
1357 3617 1476 3699 quibus

340 3734 370 3774 ι.
393 3711 532 3774 Macrob.
545 3713 610 3774 Sat.
632 3712 666 3785 1,
688 3734 717 3786 q.
739 3713 790 3785 ll,
816 3716 860 3786 ι4.
882 3722 913 3774 et
935 3712 1013 3772 Gall.
1032 3711 1084 3786 11,
1104 3715 1133 3786 4.
1155 3711 1206 3787 V,
1229 3735 1256 3794 7.
1277 3711 1340 3788 xl,
1369 3730 1477 3790 17.·-

339 3805 456 3867 Rabirii
475 3806 608 3868 Satiram
636 3806 713 3881 (sad
733 3805 902 3890 qualemi')
930 3815 1079 3868 memorat
1099 3805 1181 3867 idem
1201 3805 1381 3889 Fulgentius
1404 3807 1427 3868 l'.
1453 3807 1478 3868 l.

340 3925 372 3987 p.
397 3901 462 3965 183.
492 3902 570 3978 (nbi
598 3903 629 3964 in
659 3902 840 3988 quibusdam
862 3902 951 3966 codd.
972 3903 1104 3964 Rubrius
1123 3902 1265 3984 legitur)
1296 3905 1479 3966 Abatemiur

339 3999 509 4061 observans.
536 3999 684 4062 Rabirius
704 4003 738 4061 in
758 3999 887 4061 Satira:
908 4001 1098 4061 Abstemium
1121 4000 1291 4060 naerulentn
1308 4001 1391 4082 fugit
1404 4003 1479 4061 Me·

339 4097 442 4158 thatin
473 4115 592 4158 nomeu
624 4096 730 4178 Vulgo
761 4105 890 4177 putant,
923 4096 957 4156 C.
970 4095 1130 4157 Rabirium
1152 4096 1321 4185 designari,
1345 4101 1477 4180 potitam

341 4193 463 4274 epicum
484 4201 514 4254 ct
533 4191 699 4254 secundum
720 4215 737 4254 a
758 4193 905 4275 Virgilio,
930 4193 1050 4276 dequo
1071 4215 1099 4254 v.
1121 4191 1224 4255 Vellei.
1239 4193 1269 4254 ll
1282 4237 1292 4271 ,
1306 4194 1356 4257 36.
1376 4193 1476 4257 Ovid.

339 4287 399 4371 Ep.
420 4307 459 4348 ex
479 4289 578 4351 Ponto
598 4290 669 4368 lV,
694 4291 750 4366 16,
772 4291 800 4352 5.
821 4299 852 4352 ct
872 4290 1004 4367 Quintil.
1026 4291 1075 4365 X,
1102 4314 1141 4365 1,
1165 4311 1214 4372 9ο.
1436 4288 1442 4300 ’

382 4383 523 4448 Scriorcs
542 4375 752 4471 Satirograpbi
774 4389 861 4449 fuere
883 4391 921 4450 Ι..
943 4387 1110 4469 Apuleius,
1129 4411 1221 4472 quem
1242 4389 1311 4452 ride
1333 4389 1363 4451 in
1385 4389 1471 4452 Flo-

341 4477 418 4545 ridis
437 4501 469 4566 p.
489 4483 560 4560 346.
582 4493 613 4548 at
630 4505 662 4570 p.
681 4505 725 4550 ιιι.
744 4483 818 4550 363.
838 4483 912 4550 edit.
931 4483 1074 4550 Elmcnh.
1087 4517 1128 4538 -··
1143 4487 1325 4568 Tetradius,
1339 4487 1475 4552 Ausonii
