3078 5494
334 385 432 498 244

773 407 993 475 tvvttnttts

330 612 394 690 Nil
412 611 517 690 dictu
535 611 686 688 foedum
704 615 861 726 piraque
878 613 970 690 haec
988 612 1116 690 limina
1136 627 1283 717 tangat,

330 733 436 805 Intra
446 755 544 834 quae
556 755 654 834 puer
664 746 730 804 est.
748 729 888 806 Procul
898 731 998 825 hinc,
1009 729 1143 834 procul
1153 729 1241 804 inde
1249 729 1407 836 puellae
1420 771 1454 822 45

329 849 529 920 Lenonum
547 861 585 919 et
603 862 733 922 cantus
751 848 1009 948 pernoctantis
1028 848 1189 948 parasiti.

329 963 489 1036 Maxima
506 959 667 1035 debetur
685 987 806 1065 puero
826 964 1048 1040 reverentia.
1075 961 1114 1036 si
1133 959 1229 1064 quid

328 1079 459 1180 Turpe
477 1101 607 1180 paras,
625 1102 674 1152 nc
693 1093 736 1150 tu
756 1079 864 1180 pueri
882 1078 1122 1152 contemseris
1139 1102 1280 1153 annos:

329 1192 406 1266 Sed
422 1209 625 1297 peccaturo
642 1191 766 1267 obstet
785 1192 854 1266 tibi
869 1190 968 1268 filius
987 1191 1121 1266 infans.

328 1309 424 1384 Nam
443 1309 472 1382 si
492 1306 587 1409 quid
606 1305 761 1410 dignum
778 1309 948 1382 Censoris
965 1306 1097 1382 fecerit
1114 1310 1170 1382 ira
1415 1341 1450 1392 50

329 1421 591 1526 Quandoque,
610 1439 648 1496 et
666 1421 822 1498 similem
841 1421 908 1495 tibi
926 1449 966 1498 se
986 1449 1064 1497 non
1082 1448 1242 1526 corpore
1262 1439 1409 1497 tantum

328 1541 408 1614 Nec
426 1538 534 1614 vultu
555 1538 724 1630 dederit,
742 1567 888 1614 morum
909 1564 1063 1642 quoque
1081 1537 1201 1628 filius3
1218 1556 1256 1612 et
1275 1541 1339 1642 qui

328 1657 464 1729 Omnia
483 1653 649 1730 deterius
668 1670 731 1728 tua
751 1681 821 1757 per
840 1655 992 1756 vestigia
1011 1672 1161 1756 peccet,

328 1771 519 1874 Corripies
536 1771 713 1842 nimirum
732 1783 769 1842 et
788 1767 983 1869 castigabis
1003 1768 1139 1862 acerbo

327 1883 500 1960 Clamore
520 1911 562 1959 ac
580 1901 667 1989 post
685 1883 779 1958 haec
797 1883 940 1958 tabulas
959 1902 1105 1960 mutare
1126 1883 1286 1986 parabis.
1407 1919 1439 1968 55

212 2081 214 2090 Ι
327 2001 440 2075 Vnde
458 1999 527 2096 tibi
534 1997 710 2106 Jfrontem
728 1999 1015 2104 libertatemque
1034 2003 1221 2104 parentis,

328 2119 453 2211 Quum
470 2116 582 2190 facias
601 2118 732 2220 peiora
751 2141 863 2190 senex
879 2141 1114 2218 vacuumque
1131 2115 1288 2190 cerebro

284 2293 285 2299 ,
328 2231 570 2336 Iampridem
588 2247 703 2336 caput
721 2232 795 2306 hoc
810 2247 966 2320 ,ventosa
985 2231 1182 2306 cucurbita
1203 2229 1392 2333 quaerat?

379 2350 535 2453 Hospite
554 2351 736 2439 venturo,
752 2347 910 2424 cessabit
925 2372 1036 2424 nemo
1053 2365 1215 2424 tuorum.

361 2588 405 2637 ⁴⁴.
418 2582 583 2638 Neotmt.

361 2674 404 2720 45.
423 2668 496 2720 Intra
513 2686 574 2737 quae
588 2679 659 2736 pater
671 2677 708 2717 est·
729 2671 752 2717 4.
763 2673 803 2718 44.
817 2669 858 2718 29.

328 2755 371 2802 75.
385 2748 634 2818 prob.schuntt.-
647 2769 677 2802 aa
690 2765 737 2818 pro
750 2747 808 2802 binc
819 2755 858 2799 44.

328 2839 370 2884 42.
383 2837 465 2886 2284
480 2833 528 2885 hac
545 2836 587 2884 ⁴⁰.
606 2840 646 2886 47.
666 2836 858 2886 49.20.24.24.

328 2921 371 2967 45.
383 2919 487 2988 profani
510 2934 557 2984 pro
580 2918 677 2986 puellae
706 2924 746 2970 44.
771 2917 860 2983 procul

328 2999 401 3060 Ῑιίιισ,
413 2999 500 3068 procul
513 3001 546 3050 ite
555 2999 652 3068 puellae
666 3009 744 3061 recte,
752 3001 859 3068 opinor,

328 3081 356 3134 in
371 3083 452 3136 literis
462 3083 493 3135 cd
506 3101 549 3136 me
564 3083 629 3135 datia
641 3083 743 3136 emend.
755 3082 793 3137 (0.
803 3087 857 3135 He·

328 3163 382 3229 rel,
404 3167 448 3234 qui
464 3168 622 3234 auspicetur,
646 3184 737 3218 vocem
756 3167 855 3235 impor-

327 3257 419 3301 tunam
430 3249 489 3301 iude
500 3248 533 3302 ab
550 3247 652 3302 indocto
665 3247 772 3302 librario
788 3266 858 3316 repo·

327 3331 403 3384 sitam
419 3349 488 3397 esse,
507 3344 537 3385 ut
558 3337 593 3402 τῷ
611 3334 669 3384 hino
685 3331 858 3401 responderet.

327 3414 357 3466 ld
372 3433 472 3486 quoque
484 3411 535 3486 legi
549 3416 575 3468 in
586 3415 685 3469 duobus
699 3417 773 3468 MSS.
782 3415 857 3467 Paris.

268 3553 273 3566 ,
327 3509 418 3552 monet
433 3497 497 3552 ach.
523 3498 616 3551 Verbis
642 3509 728 3552 tamen
751 3499 809 3550 Ιιὶιιο
833 3509 860 3552 et

328 3585 387 3637 inda
411 3584 496 3638 fortan
515 3583 659 3638 innuuntur
680 3584 797 3638 diversae
812 3601 855 3637 ae·

212 3717 217 3728 ,
328 3663 403 3718 dium
417 3673 509 3734 parter.

363 3753 404 3802 46.
415 3754 590 3802 moenum

363 3833 404 3882 ar
416 3830 497 3896 pueris
513 3831 554 3880 22

362 3917 404 3966 48.
423 3931 454 3964 ne
471 3911 554 3980 recepi
573 3930 603 3966 ex
623 3918 663 3966 45.
677 3917 718 3968 27.
731 3919 772 3967 47.
787 3913 859 3966 Idem

329 3995 396 4063 conj.
414 3997 447 4050 V.
466 3995 507 4050 (ΙΙ.
521 3995 606 4048 Herei.
623 4015 667 4049 nec
686 4000 714 4050 in
733 3995 859 4068 plerisque

327 4077 407 4132 libris.
423 4097 473 4130 non
485 4081 513 4132 in
525 4079 688 4148 quibusdem.

362 4167 402 4213 49.
416 4164 530 4216 0644844.
549 4168 588 4215 44.
605 4170 644 4216 46.
660 4169 699 4218 48.
709 4169 750 4217 24
766 4168 809 4218 70
815 4169 857 4218 82

330 4245 408 4296 mear
426 4251 465 4300 49
478 4247 574 4298 oberret
589 4251 630 4299 23
643 4248 743 4300 obustae
759 4255 797 4300 to
819 4253 857 4302 47.

330 4333 371 4378 48.
394 4331 434 4379 46.
455 4335 495 4380 47.
514 4333 557 4382 20.
574 4333 665 4382 2422.
684 4335 776 4383 2527.
791 4337 858 4382 45-

330 4413 369 4460 50.
386 4413 493 4463 54-69.
504 4417 610 4465 74-76.
619 4421 645 4464 et
654 4411 775 4482 permulti
783 4413 857 4468 codd.

909 2581 1183 2648 Parir.1iectius,·niai
1200 2583 1283 2650 potius
1299 2581 1443 2651 repositum

909 2675 947 2718 est
963 2667 995 2717 ab
1014 2667 1060 2737 iis,
1076 2665 1121 2734 qui
1146 2674 1228 2718 metro
1254 2663 1394 2718 timebant.
1417 2685 1441 2720 v.

908 2767 963 2818 sup.
977 2747 1009 2801 ed
1021 2751 1048 2812 i,
1063 2755 1121 2801 454.

943 2853 984 2901 st.
1008 2823 1215 2919 Qumaoqmaen
1235 2859 1258 2898 u
1274 2848 1387 2899 aarum
1405 2852 1445 2900 rc.
1508 2840 1510 2848 '

912 2936 951 2984 42.
973 2938 1013 2985 46.
1035 2938 1075 2984 47.
1095 2935 1199 2984 49-27.
1218 2936 1326 2990 45-50.
1348 2936 1392 2982 54.
1404 2937 1443 2984 55.

910 3021 1052 3069 5744484
1067 3031 1158 3068 omnes
1170 3012 1331 3068 coddPeris.
1347 3015 1442 3083 Quan-

909 3099 1042 3168 doquidem
1068 3099 1173 3150 unukm
1201 3107 1240 3150 44.
1266 3102 1306 3150 45.
1333 3102 1377 3152 50.
1406 3105 1446 3152 56.
1531 3147 1532 3174 p

909 3187 1018 3236 65-69.
1032 3189 1126 3238 tort.
1144 3190 1184 3236 73.
1199 3189 1240 3236 77.
1258 3179 1325 3234 lltud
1341 3183 1443 3250 proba·
1530 3177 1532 3232 i

909 3264 947 3318 vn
964 3264 1090 3320 sectarer
1111 3275 1136 3318 a
1154 3263 1236 3330 aen,
1250 3262 1298 3318 boe
1313 3264 1448 3316 scanno.
1530 3237 1531 3268 ²

909 3350 939 3400 lu
951 3347 1042 3401 iisdem
1056 3348 1129 3402 libris
1141 3367 1168 3414 ,4.
1183 3353 1213 3402 52
1232 3347 1327 3419 legitur
1340 3363 1449 3420 οεφιιιιι
1529 3417 1531 3433 1

912 3430 1006 3484 Omnia
1026 3441 1072 3486 cet.
1093 3442 1120 3484 et
1141 3432 1220 3484 verba
1235 3432 1449 3502 Quandoquidm
1529 3433 1530 3498 ξ

910 3545 941 3556 -
952 3515 1040 3585 filice,
1062 3513 1105 3567 vel
1123 3514 1187 3568 adeo
1206 3527 1258 3568 tres
1271 3533 1379 3578 remus,
1402 3522 1443 3570 54.
1529 3563 1530 3568 ,

911 3603 950 3652 52.
960 3609 986 3651 et
999 3599 1198 3669 53‚prrenthesi
1213 3597 1396 3652 includuntur.

944 3701 983 3749 52.
993 3715 1088 3749 morum
1099 3697 1225 3768 tidifiliur
1241 3702 1332 3751 42.47.
1343 3713 1445 3750 monuo

909 3779 975 3851 qnod
982 3779 1059 3850 filius
1072 3779 1185 3848 quidam.
1194 3809 1224 3822 -
1235 3778 1449 3850 etqrwnOnurie

909 3871 957 3914 cet.
969 3865 1008 3913 40.
1031 3867 1072 3914 45.
1096 3867 1133 3914 46.
1154 3866 1194 3913 47.
1209 3866 1319 3913 49-24,
1334 3866 1447 3915 25-27.

909 3950 1019 3999 45-50.
1028 3949 1134 3998 54-69
1152 3951 1259 4000 74-74.
1270 3952 1312 3999 77.

943 4052 984 4102 54.
1002 4049 1104 4098 nimium
1117 4051 1159 4100 45.

942 4153 984 4200 55.
979 4145 1100 4226 posthac
1120 4151 1162 4200 24.
1172 4155 1212 4204 77.
1237 4159 1279 4198 unt
1300 4159 1360 4217 post
1385 4148 1444 4200 haec

911 4235 951 4284 42.
963 4217 1022 4283 46-
1027 4236 1067 4284 20.
1087 4236 1128 4284 24.
1151 4235 1192 4284 25.
1215 4235 1255 4284 27.
1276 4239 1341 4284 45
1347 4235 1388 4283 48.
1403 4239 1444 4286 56

910 4321 950 4369 58.
960 4321 999 4368 60.
1018 4323 1058 4368 64.
1074 4323 1114 4370 65.
1129 4327 1154 4368 ut
1166 4317 1299 4388 posthaec
1313 4325 1356 4373 57.
1372 4323 1413 4371 59.

943 4421 984 4470 57.
990 4417 1071 4486 facies
1086 4421 1125 4471 42.
1140 4419 1182 4472 23.
