3108 5494
297 433 355 542 Ῐ4

744 447 971 516 lvvntttmt

288 659 382 768 Spes
407 651 573 738 bomini:
600 656 733 738 caules
744 662 887 740 miseris
906 676 1021 770 utque
1036 661 1134 768 ignis
1151 653 1349 746 emendus.

340 781 490 886 Optima
509 777 687 859 silvarum
705 782 851 857 interea
871 779 1073 887 pelagique
1093 781 1244 859 vorabit

1366 818 1420 873 4344

288 902 368 976 Rex
393 897 559 990 horum3
578 902 782 1005 vacuisque
802 902 895 978 toris
915 917 1062 976 tantum
1079 901 1160 1006 ipse
1187 899 1336 977 iacebit.

292 1019 387 1096 Nam
415 1013 464 1094 de
484 1031 540 1092 tot
559 1015 703 1122 pulcris
721 1035 760 1092 et
784 1015 869 1094 latis
889 1017 1048 1095 orbibus
1068 1033 1201 1092 ettam

292 1134 468 1239 Antiquis
483 1189 493 1226 ‚
511 1160 589 1210 una
607 1133 812 1212 comedunt
829 1136 1057 1242 patrimonia
1074 1161 1213 1210 mensa.

292 1251 428 1330 Nullus
447 1253 521 1328 iam
539 1255 724 1358 parasitus
742 1257 815 1330 erit
831 1255 842 1329 l
866 1253 941 1330 Sed
963 1254 1048 1358 quis
1074 1252 1174 1328 ferat
1192 1255 1279 1329 istas

293 1371 483 1447 Luxuriae
502 1371 663 1448 sordes?
677 1389 822 1477 quanta
837 1388 893 1448 est
911 1369 1019 1476 gula,
1037 1369 1137 1475 quae
1156 1370 1227 1446 sibi
1245 1383 1343 1450 totos

292 1488 407 1563 Ponit
425 1513 562 1593 apros,
582 1485 720 1565 animal
734 1506 896 1596 propter
915 1489 1088 1565 convivia
1107 1487 1263 1561 natum!
1371 1523 1415 1576 tu

293 1591 422 1684 Poena
440 1622 567 1681 tamen
593 1633 792 1712 praesens,
810 1633 931 1714 quum
947 1623 992 1682 tu
1017 1603 1177 1709 deponis
1197 1605 1353 1681 amictus
1389 1589 1394 1600 ⁸

292 1722 498 1828 TurgiduS‚
515 1739 554 1800 et
572 1723 734 1800 crudum
752 1751 939 1832 pavonem
958 1725 1000 1800 in
1017 1721 1155 1822 balnea
1172 1739 1314 1827 portas.

293 1841 392 1916 Hinc
411 1840 557 1918 subitae
583 1858 722 1918 mortes
743 1859 857 1947 atque
884 1842 1061 1918 intestata
1087 1857 1273 1917 senectus.
1340 1926 1347 1936 ι

293 1957 330 2032 14
355 1983 467 2050 nove,
485 1981 557 2032 nec
575 1957 706 2050 tristis,
722 1985 792 2064 per
818 1975 974 2034 cunetas
999 1955 1130 2031 fabula
1156 1981 1319 2032 coenas:
1365 1989 1420 2040 ..ς

294 2077 457 2152 Ducitur
475 2075 578 2150 iratis
597 2072 858 2180 plaudendum
876 2075 992 2151 funus
1011 2076 1149 2150 amicis.

346 2191 409 2268 Nil
435 2195 507 2268 erit
524 2189 708 2286 ulterius,
726 2193 832 2298 quod
852 2194 992 2270 nostris
1009 2191 1176 2273 moribus
1197 2189 1309 2266 addat

295 2309 520 2387 Posteritas:
540 2308 672 2385 eadem
689 2312 846 2416 cupient
863 2308 1079 2414 facientque
1100 2311 1274 2408 minores.

298 2429 419 2504 Omne
437 2429 479 2502 in
496 2427 697 2533 praecipiti
717 2430 849 2507 vitium
869 2429 994 2505 stetit:
1022 2443 1131 2503 utere
1157 2425 1268 2519 velis;

300 2651 373 2725 Spes.
392 2657 430 2706 Its
444 2671 547 2726 quoque
562 2653 657 2726 Rigalt.
677 2652 736 2709 lul.
751 2639 848 2710 inter·⁴

299 2747 432 2808 pretatur,
463 2739 510 2810 qui
536 2745 626 2792 tamen
656 2737 835 2810 interpuugit:

301 2819 334 2874 V
330 2831 418 2889 utaque
429 2819 570 2890 depomme,
584 2838 733 2891 qumquam
750 2822 768 2872 l.
780 2840 836 2874 aoe-

298 2921 346 2954 uee
366 2900 427 2972 Spes
444 2902 470 2954 la.
482 2905 553 2954 Tum
571 2919 634 2955 vero
651 2901 776 2956 verbeaic
790 2921 835 2972 po·

298 2989 351 3042 tius
363 2987 569 3060 transponendae
582 2987 699 3058 Votaque
707 2988 836 3058 deponunt

298 3092 406 3138 menae,
433 3074 581 3144 longissima
606 3090 756 3143 quamquam
776 3069 837 3142 Spes

297 3159 410 3227 lmueiru3
435 3157 487 3212 nisi
503 3175 564 3212 eum
581 3158 656 3210 Heln.
677 3156 789 3223 dixeris,
806 3173 837 3210 ee

298 3241 414 3316 expediri
427 3260 500 3314 posse
513 3259 561 3313 per
576 3241 722 3314 yuehyet'n.
777 3269 782 3278 =

335 3333 391 3382 434.
409 3327 570 3380 401444444428.
587 3325 715 3378 bominum
734 3335 774 3378 44.
793 3331 835 3380 26.

298 3418 341 3466 45.
355 3415 398 3466 ⁵9.
418 3415 461 3466 60.
482 3415 524 3464 64.
538 3415 580 3464 65.
595 3409 684 3463 leonem
696 3407 748 3462 (luo
759 3409 836 3464 codd.

299 3498 414 3553 Petis-
428 3495 515 3550 cautes
535 3500 575 3549 to.
593 3502 634 3550 et.
660 3501 769 3552 44-47.
795 3502 836 3550 49.

300 3587 343 3636 20.
360 3583 401 3633 22.
422 3583 464 3632 24.
485 3583 529 3634 27.
544 3583 587 3633 48.
606 3583 648 3632 54.
668 3583 776 3632 59-63.
794 3583 836 3632 65.

300 3671 341 3721 67.
353 3669 512 3720 68.74-73.
520 3672 545 3718 el
556 3665 658 3719 XXXII
669 3663 745 3718 codd.
755 3665 836 3718 Perit.

302 3769 380 3822 quem
391 3751 520 3816 somam,
531 3751 591 3820 quie
602 3759 659 3803 tum
672 3749 836 3817 insolentior,

300 3848 359 3894 lum
378 3835 482 3891 auribus
498 3834 525 3889 h.
541 3834 558 3888 l.
583 3835 680 3908 gratior
694 3848 733 3891 eet
749 3846 776 3890 et
786 3855 833 3889 eu·

301 3922 417 3976 ctoritate
431 3929 469 3973 tot
478 3917 556 3973 codd.
567 3921 700 3983 firmetur,
712 3918 837 3990 inlocum

301 4004 415 4078 vulgaris
423 4003 509 4058 Caralis
518 4003 653 4071 substitui,
665 4004 776 4058 coneilio
786 4005 838 4058 viri

303 4091 375 4144 docti
388 4091 417 4144 in
430 4087 543 4146 Miscell·
562 4089 637 4144 Obss.
655 4091 715 4147 crit.
732 4090 792 4145 Vol.
804 4091 837 4144 V.

303 4177 337 4227 T.
351 4175 383 4228 11.
399 4192 427 4246 p.
441 4179 501 4229 267.
732 4203 735 4208 ·

338 4264 396 4312 436.
410 4257 465 4310 tta
478 4257 605 4312 bominum
619 4263 660 4313 56.
672 4264 713 4314 57.
726 4257 781 4312 Rea
791 4259 838 4310 do·

303 4345 384 4398 numu
399 4349 441 4396 43.
556 4379 560 4386 -

303 4453 306 4460 ·
337 4431 407 4481 Osca
425 4424 450 4483 ei
473 4430 576 4492 κόλακες
590 4429 647 4490 τοὺς
667 4427 836 4498 κολακευομ-

307 4529 364 4580 reve
394 4511 576 4600 specuum
602 4513 687 4594 ὧσπιρ
714 4510 839 4586 lectites

886 2657 1059 2733 spontanei,
1072 2658 1099 2710 τί
1112 2656 1157 2710 zui
1165 2655 1300 2728 φρονήσειν
1314 2654 1423 2716 ἐκείνους

886 2740 952 2804 εἰκός
968 2742 1040 2812 ὅστις
1057 2743 1166 2796 Lucien.
1181 2743 1210 2794 iu
1223 2739 1333 2812 Nigrino
1345 2759 1368 2793 e.
1382 2743 1424 2792 23.

889 2853 894 2860 ’
925 2851 982 2898 437.
1006 2849 1064 2899 438.
1083 2841 1177 2896 demut
1199 2850 1240 2896 43.
1261 2847 1303 2896 46.
1322 2847 1364 2896 48.
1381 2847 1423 2894 49.

886 2923 932 2979 setl
953 2925 982 2979 in
999 2935 1142 2980 comment.
1164 2925 1267 2980 Calder.
1293 2933 1320 2978 et
1335 2921 1424 2977 Valles

887 3009 1055 3080 explicantur.

923 3117 980 3166 438.
993 3111 1148 3164 comedite&
1157 3109 1210 3164 sed
1220 3108 1334 3181 vulgaris
1344 3109 1425 3164 lectio

887 3195 989 3250 doctior
997 3203 1049 3264 eet,
1062 3205 1088 3248 et
1101 3193 1181 3249 talem
1194 3213 1363 3267 personarum
1375 3211 1426 3248 nu·

887 3283 1006 3356 merique
1020 3282 1240 3353 permutationem
1254 3284 1330 3352 polite
1346 3288 1426 3333 emet.

887 3367 964 3420 eont.
979 3367 1027 3420 inl.
1041 3365 1074 3419 etl
1087 3388 1113 3422 v.
1131 3373 1188 3421 457.
1206 3367 1235 3420 ln
1248 3367 1311 3419 Exc.
1325 3367 1358 3420 ll.
1376 3429 1379 3436 Δ

924 3469 1062 3540 teusetae
1085 3467 1212 3538 proferet
1233 3465 1320 3537 recepi
1339 3482 1370 3518 ex
1385 3469 1427 3518 40.

889 3560 998 3609 45-47.
1018 3557 1057 3606 49.
1075 3557 1117 3606 20.
1136 3557 1178 3606 22.
1195 3558 1239 3608 27.
1253 3557 1294 3608 28.
1314 3556 1427 3604 45-50.

888 3645 930 3692 64.
949 3642 989 3690 ts.
1006 3641 1046 3690 59.
1070 3640 1112 3689 60.
1132 3643 1174 3690 64.
1194 3641 1236 3690 65.
1254 3643 1280 3690 et
1301 3633 1357 3688 cod.
1375 3633 1427 3690 virl

889 3720 957 3773 docti
973 3719 1002 3772 in
1022 3719 1099 3773 bliec.
1113 3717 1189 3774 otu.
1201 3717 1261 3773 crit.
1272 3715 1331 3772 vot
1346 3719 1380 3772 V.
1391 3719 1426 3770 T.

887 3805 919 3858 ll.
937 3823 963 3875 p.
979 3807 1142 3875 267.-ipsus
1160 3807 1202 3855 22.

924 3891 982 3942 440.
998 3899 1077 3941 totwu
1091 3887 1170 3942 Ponit
1186 3905 1275 3961 aprum
1288 3892 1332 3942 23.
1351 3911 1364 3967 '.

923 3997 981 4046 442.
995 3991 1101 4064 depones
1116 3996 1309 4045 25.-umietum
1323 4000 1364 4048 47.
1382 3996 1425 4046 25.

888 4079 930 4130 27.
944 4081 985 4130 45.
1000 4082 1042 4130 47.
1053 4079 1092 4130 48.
1108 4081 1149 4130 50.
1163 4083 1274 4132 54-60.
1288 4080 1329 4151 64.
1343 4081 1385 4131 65.

923 4183 982 4230 446.
994 4179 1032 4229 Et
1041 4196 1088 4248 pre
1098 4177 1124 4230 Ie
1136 4176 1253 4249 quidem.
1266 4176 1425 4232 Praestiterit

888 4264 928 4316 Es
945 4260 988 4316 vel
1001 4263 1050 4314 Est
1063 4260 1106 4317 vel
1118 4262 1165 4316 Fu
1181 4262 1225 4315 vel
1238 4262 1420 4333 Fit-fibula,

889 4365 942 4419 quo
954 4365 1031 4400 sensu
1040 4347 1132 4419 fabula
1145 4365 1166 4400 s.
1177 4366 1257 4401 semu
1269 4365 1319 4398 esse
1329 4353 1355 4396 et
1360 4345 1424 4417 fieri

890 4429 985 4490 dicitur
1000 4430 1037 4494 is,
1051 4427 1084 4481 de
1100 4448 1155 4501 quo
1166 4429 1244 4484 multi
1256 4428 1407 4499 loquuntur.

926 4521 984 4577 446.
993 4518 1096 4596 ficiem
1107 4521 1248 4600 eripietque
1264 4522 1304 4577 49.
1317 4519 1359 4576 22.
1372 4517 1426 4577 234
