3108 5494
328 415 406 507 52.
770 445 1009 508 rvvnusms·

323 647 420 722 Vive
435 643 600 722 bidentis
618 647 744 720 amans
762 649 802 720 et
820 643 915 722 culti
934 643 1079 721 villicus
1092 643 1222 738 horti,¹
1333 677 1336 686 ¹
1409 655 1412 662 '
1433 651 1438 660 '

269 843 271 850 ‚
324 759 440 836 Vnde
459 759 614 865 epulum
633 761 751 868 possis
768 778 919 836 centum
939 759 1030 837 dare
1048 761 1333 866 Pythagoreis.¹

323 878 391 952 Est
410 876 579 979 aliquid,
594 902 835 981 quocumque
851 875 938 952 loco
953 903 1196 983 quocumque
1210 903 1376 976 recessu,
1390 913 1447 967 m

323 995 463 1068 Vnius
467 1019 545 1068 sese
566 991 760 1067 dominum
779 991 909 1068 fecisse
927 991 1104 1071 lacertae.

349 1106 562 1185 Plurimus
581 1107 643 1182 hic
662 1135 774 1211 aeger
791 1111 954 1185 moritur
970 1105 1185 1211 vigilando:
1203 1107 1270 1185 sed
1288 1108 1397 1187 illum

321 1227 561 1330 Languorom
577 1229 726 1332 peperit
745 1225 853 1301 cibus
870 1225 1114 1331 imperfectus
1133 1243 1172 1302 et
1188 1225 1351 1308 haerens
1373 1263 1378 1274 ·

321 1342 482 1432 Ardenti
498 1345 712 1420 stomacho:
739 1367 825 1418 nam
846 1369 943 1447 quae
963 1344 1155 1418 meritoria
1174 1371 1348 1422 somnum
1373 1381 1376 1390 ¹

326 1459 572 1535 Admittunt?
592 1461 738 1562 Magnis
758 1456 896 1562 opibus
916 1455 1107 1535 dormitur
1126 1459 1322 1537 ianrbes·
1397 1496 1452 1548 ης

321 1573 416 1650 lnde
436 1592 552 1682 caput
572 1573 706 1651 morbi.
734 1573 923 1650 Redarum
941 1578 1122 1652 transitus
1142 1593 1248 1652 arcto

322 1694 506 1776 Vicorum
524 1693 564 1768 in
582 1687 686 1767 flexu
707 1707 745 1766 et
764 1692 895 1766 stantis
913 1694 1085 1768 convicia
1097 1690 1284 1768 ,mandrae

322 1807 500 1910 Eripient
520 1831 692 1881 somnum
709 1807 832 1882 Druso
851 1803 1055 1908 vitulisque
1076 1808 1241 1883 marinis.
1308 1817 1314 1846 ³
1421 1823 1424 1835 '

319 1920 362 2005 ‚St
379 1937 488 2000 vocat
506 1923 686 2012 officium,
704 1921 817 1996 turba
835 1919 994 1998 cedente
1015 1923 1181 1998 vehetur

320 2035 433 2134 Dives
453 2054 491 2112 et
505 2041 650 2142 ingenti
669 2054 800 2113 curret
816 2063 932 2141 super
951 2065 1019 2114 ora
1038 2037 1230 2129 Liburno,
1394 2075 1445 2126 κο

320 2159 446 2260 Atque
465 2155 588 2232 obiter
603 2154 705 2259 leget
722 2173 787 2230 aut
804 2154 945 2234 scribet
963 2155 1023 2231 vel
1042 2152 1204 2231 dormiet
1223 2157 1347 2248 intus3

323 2273 495 2377 Namque
516 2273 605 2368 facit
624 2298 797 2348 somnum
816 2269 941 2348 clausa
961 2270 1095 2346 lectica
1110 2270 1285 2346 fenestra.

321 2389 420 2468 Ante
440 2405 564 2462 tamen
585 2389 728 2465 veniet:
749 2387 855 2461 nobis
873 2389 1167 2494 properantibus
1186 2386 1312 2462 obstat
1433 2471 1436 2476 Α

321 2501 434 2576 Vnda
453 2504 580 2606 prior:
600 2502 734 2604 magno
754 2501 918 2605 populus
938 2505 1074 2603 premit
1091 2503 1237 2605 agmine
1255 2499 1406 2578 lumbos
1417 2556 1430 2594 ,

312 2619 398 2714 'Qui
418 2621 614 2717 sequitur:
640 2616 729 2690 serit
745 2617 805 2690 hic
823 2617 975 2707 cubito,
994 2615 1084 2691 ferit
1103 2641 1225 2691 assere
1243 2615 1343 2689 duro
1393 2653 1442 2702 245

321 2733 430 2813 Alter
437 2759 447 2826 ;
471 2740 507 2809 at
526 2731 588 2812 hic
605 2735 749 2840 tignum
769 2733 883 2838 capiti
903 2734 1061 2824 incutit,
1079 2730 1145 2806 ille
1163 2748 1374 2807 metretam.

354 2970 564 3058 musqueto.
583 2986 754 3057 eidrunpossls
771 2988 854 3039 20.-
900 2989 1011 3040 vioonms
1024 3003 1078 3038 esse
1089 2983 1449 3041 Gallledltoura'uneme
1549 3015 1551 3020 .

289 3127 292 3134 ¹
319 3069 509 3143 ,pythagoraeis
521 3066 599 3140 vulgo
611 3069 733 3122 scribunt.
745 3067 795 3122 Sed
806 3070 852 3121 Gr.
934 3075 993 3125 236.
1008 3071 1140 3142 Eriperent
1155 3077 1189 3126 24
1203 3071 1323 3142 Eripiente
1338 3074 1380 3124 60.
1393 3077 1440 3126 66.

320 3153 493 3230 Πυθαγόρειος
510 3149 612 3204 dicitur.
714 3181 718 3187 ·
899 3153 1029 3206 Neutrum
1046 3153 1231 3224 spernendum.
1257 3155 1379 3225 Eripunr
1397 3159 1442 3209 40.

353 3239 413 3291 234.
428 3255 453 3288 v.
467 3237 570 3289 Excurs.
901 3242 941 3288 44.
963 3243 1002 3292 46.
1017 3241 1060 3290 23.
1080 3241 1122 3290 25.
1137 3241 1181 3292 27.
1198 3241 1307 3290 46-60.
1327 3241 1444 3294 64-69.

326 3335 328 3342 ’
353 3325 412 3375 232.
426 3323 484 3392 ipsis
497 3338 544 3392 pro
560 3320 632 3374 ittam
652 3323 788 3390 turpem
811 3325 851 3375 to.
898 3321 939 3370 62.
952 3323 1060 3373 64-69,
1079 3325 1187 3374 74-74.
1210 3323 1248 3372 lta
1269 3330 1295 3374 et
1313 3321 1338 3372 X
1360 3319 1439 3374 codd.

318 3406 429 3458 42-47,
443 3407 550 3458 49-24.
566 3409 607 3458 26.
622 3407 664 3456 45.
899 3399 989 3467 Paris,
1002 3401 1046 3457 sed
1061 3402 1171 3456 totidem
1186 3413 1211 3456 et
1224 3401 1330 3470 quidem
1343 3401 1440 3474 optimi

352 3492 412 3542 uss.
425 3487 567 3558 langorem
579 3492 620 3540 24.
635 3491 744 3542 ss-so.
759 3491 798 3542 so.
809 3493 851 3542 es.
900 3479 996 3537 haben
1013 3487 1130 3555 ιήρῑιιιι,
1147 3483 1252 3553 quidam
1265 3487 1382 3558 ereptam,
1395 3482 1443 3538 alit

236 3583 239 3592 ¹
316 3575 359 3625 64,
368 3601 399 3614 -
412 3573 548 3625 &damam
562 3577 601 3624 46.
900 3570 1029 3636 eriperent.
1038 3599 1070 3613 -
1081 3587 1179 3623 somnos
1191 3587 1254 3622 urso·
1264 3576 1297 3624 46
1312 3588 1328 3624 e
1342 3589 1441 3625 tusce.

351 3659 410 3708 264.
423 3673 528 3728 unusque
540 3667 564 3707 et
580 3659 710 3708 meritorio
730 3660 770 3708 45.
790 3673 851 3707 nom
903 3654 944 3704 ⁵0.
959 3657 1001 3704 64.
1016 3671 1040 3704 v.
1058 3655 1165 3706 Excurs.
1182 3651 1214 3704 ad
1226 3651 1286 3712 hl.

315 3757 388 3809 quem
403 3737 439 3806 (l.
450 3755 471 3790 e.
486 3735 609 3808 qualern)
631 3741 760 3790 meritoria
779 3757 847 3791 som·
935 3737 993 3786 244.
1009 3737 1062 3786 Aut
1073 3735 1126 3788 abit
1142 3747 1185 3786 otu
1202 3736 1269 3806 leget
1291 3742 1331 3790 46.
1348 3738 1440 3791 scribet

316 3841 376 3882 ruem
391 3823 535 3877 Adranam
551 3821 662 3876 malebat
675 3825 709 3874 Η.
723 3820 807 3876 Voles.
899 3830 943 3870 osu
959 3819 1028 3889 leges
1041 3825 1084 3874 24.
1098 3823 1141 3872 vel
1157 3822 1246 3874 soridet
1264 3826 1305 3876 27.
1328 3827 1442 3878 46-60.

350 3911 411 3960 236.
423 3907 556 3961 naamam.
573 3925 598 3960 v.
610 3905 644 3958 ad
658 3925 684 3958 v.
699 3909 782 3959 tu-
793 3919 850 3959 arto
897 3907 1010 3968 'ss-⁵9.
1024 3911 1067 3958 64.
1080 3909 1122 3958 62.
1134 3910 1176 3959 64.
1185 3911 1227 3960 66.
1237 3933 1269 3950 -·
1280 3907 1441 3961 audoenum

316 3996 349 4043 43
367 4007 432 4044 um.
455 4007 504 4042 see.
523 3994 565 4045 24.
585 3994 627 4042 22.
648 3999 677 4044 ut
694 3989 721 4042 in
745 3989 851 4059 optimis
902 3990 993 4039 47.22.
1011 3991 1053 4040 24.

314 4071 458 4143 quibusque
484 4071 674 4142 exemplaribus
693 4073 849 4142 scriptorum
932 4072 1086 4120 mvnda!
1099 4074 1139 4122 47.
1156 4069 1225 4120 vmt't
1237 4081 1261 4120 et
1275 4072 1317 4123 22.

313 4159 389 4210 Rom.
404 4157 504 4210 Rectius
516 4165 604 4210 tamen
621 4169 690 4210 aroto
703 4156 780 4209 scribi
793 4175 850 4210 ore·
931 4155 1097 4224 mpopulm
1103 4173 1198 4220 magno
1207 4153 1384 4226 46.244.’ρομ44
1393 4159 1437 4208 47.

314 4237 425 4292 diderim
442 4239 474 4292 sb
492 4259 575 4293 muare
598 4238 627 4292 h.
650 4259 674 4292 e.
700 4239 848 4307 continete,
931 4241 992 4290 246.
1001 4239 1091 4307 premis
1107 4238 1148 4290 tto
1161 4237 1241 4290 madito
1256 4241 1298 4290 22.

313 4321 437 4382 minere,
454 4320 622 4383 contrahere,
635 4319 797 4373 concludere.
932 4321 990 4370 246.
1011 4332 1034 4370 et
1049 4319 1091 4370 lu'o
1114 4323 1158 4372 23.
1174 4322 1215 4371 24.
1233 4321 1277 4370 46.
1287 4344 1318 4358 -
1334 4317 1435 4386 ligeram

348 4405 406 4458 2³7.
419 4401 542 4456 Virorum
552 4404 647 4471 inflexu
659 4403 765 4472 quidam
779 4401 847 4466 libri,
897 4406 976 4473 sopiti
989 4411 1031 4457 43.
1044 4405 1435 4475 transmutantem

312 4485 385 4568 prob·
402 4487 436 4546 Η..
449 4485 534 4544 Valas.
548 4490 592 4562 qui
606 4497 696 4546 monet
703 4526 712 4561 ‚
725 4493 846 4560 inflexam
897 4490 993 4563 liguram
1009 4493 1051 4545 26.
