3046 5498
301 339 386 442 ilii
740 368 798 431 aa
831 367 987 432 sarias

302 563 374 634 siros
391 567 421 632 dl
442 574 549 652 tempos
570 564 753 629 τατίοιιιειετίι
770 581 797 627 st
812 565 858 626 sat
872 569 1060 644 sarspspstsro
1073 535 1119 634 τίς
1135 559 1280 635 mastalus
1299 563 1435 636 ιιιιοίειιε,

302 684 345 744 tart
361 681 554 760 τὰριλοιότιριι
567 681 754 764 μιτοιρίροιτιτ.
776 669 885 756 Neque
916 667 995 732 illud
1024 667 1204 746 mirabitur,
1232 665 1287 754 qni
1308 666 1434 732 mami-

302 773 401 850 nerit,
422 791 485 834 non
508 776 628 833 tantum
650 771 785 832 Graecas
815 787 906 830 voees
924 779 1046 858 σάτυροι,
1073 775 1435 860 sumptuosissimam

304 869 342 930 nd
363 887 469 930 omnes
489 889 634 951 personas
655 875 685 928 et
704 887 753 928 res
773 863 924 928 ioculares
944 875 1033 948 atque
1054 863 1215 926 hilaritatis
1234 887 1345 950 parum
1367 868 1436 928 ho*

305 974 407 1033 nestae
428 964 532 1046 plenas
553 963 737 1040 transferri,
758 961 811 1024 scd
833 963 947 1024 Mimos
967 961 1057 1022 etiarn
1072 971 1103 1022 et
1123 961 1327 1026 Pantomimos
1339 979 1435 1047 saepe

307 1071 373 1122 rum
405 1060 538 1123 induisse
573 1080 717 1143 personas
744 1060 924 1142 Satyrorum
946 1056 1108 1130 ridiculas,
1132 1071 1199 1118 tuan
1219 1060 1324 1142 egisse.
1345 1061 1434 1122 Hinc

307 1179 430 1240 quoque
461 1156 499 1218 ad
525 1156 635 1218 mimos
665 1154 783 1239 potius,
812 1175 904 1237 qaam
925 1154 962 1215 sd
983 1153 1100 1216 fabulas
1120 1153 1185 1216 sire
1205 1157 1348 1239 satyricae
1366 1156 1436 1218 sire

305 1254 481 1328 Atellanas,
517 1253 674 1314 retulerim
703 1252 768 1314 loca
805 1251 954 1312 Athenaei
983 1260 1014 1311 et
1045 1249 1135 1310 Marii
1156 1250 1332 1329 Victorini,
1352 1273 1434 1335 quae

304 1371 395 1434 supra
416 1349 544 1412 laudavi.
574 1349 633 1411 Hic
659 1349 747 1410 effert
775 1368 895 1411 versam
923 1345 1087 1408 iambicum
1108 1345 1296 1408 dimetrums
1319 1351 1432 1433 Agite,

293 1447 420 1526 fugite,
438 1446 564 1527 quatita,
585 1445 708 1524 Saty‘ris
730 1465 792 1526 quo
813 1444 906 1504 finem
929 1441 1042 1503 factum
1065 1463 1129 1504 esse
1148 1442 1261 1518 mimo,
1274 1443 1431 1526 probabile

304 1541 339 1602 fit
359 1561 398 1602 ex
418 1541 482 1603 Cic.
503 1561 560 1623 pro
581 1539 688 1600 Coelio
709 1559 735 1600 e.
758 1559 808 1618 27.
828 1541 921 1600 Mims'
940 1541 1004 1598 iam
1024 1539 1127 1598 exitus
1140 1552 1200 1613 est,
1214 1539 1427 1621 consulatue:

302 1641 335 1700 iss
356 1642 416 1720 qiso
436 1658 528 1721 quarn
549 1637 686 1697 clausula
706 1657 770 1698 non
789 1638 962 1710 invenitur,
989 1634 1071 1716 sugit
1100 1635 1214 1718 uliquis
1233 1659 1250 1696 e
1270 1637 1431 1713 manibus,

303 1733 417 1795 deinde
436 1732 568 1794 scabella
588 1745 793 1814 concrepant,
805 1732 948 1792 aulaeum
962 1732 1087 1791 totlitur.
1102 1729 1160 1792 Ille
1173 1740 1323 1792 memorat
1333 1770 1343 1806 ,
1355 1729 1431 1792 Sul-

304 1830 365 1892 lara
397 1829 510 1912 insigni
542 1829 649 1890 lavore
668 1827 861 1912 amplexum
895 1847 959 1890 esse
990 1829 1106 1890 Mimos
1125 1829 1274 1910 etpatrs‘o
1293 1847 1433 1888 sermone

305 1925 460 2008 scripsisse
480 1935 617 2010 κωμῳδίας
633 1938 794 2008 οατυρικὰς,
822 1921 853 1989 b.
874 1944 901 1984 e.
922 1923 1055 1998 animos,
1076 1923 1246 1984 imitatione
1272 1943 1432 2005 expressos

217 2011 223 2016 ’
306 2024 345 2083 eb
378 2021 515 2082 dramate
548 2023 738 2084 Graecorum
765 2018 1047 2102 comico-satyrico:
1067 2039 1145 2102 quae
1164 2020 1245 2080 forte
1264 2018 1432 2101 explicatio

306 2138 368 2178 non
391 2116 562 2199 displicebit
581 2117 628 2191 ei,
649 2117 702 2200 qui
724 2117 819 2178 inodo
839 2117 919 2178 dicta
941 2125 971 2176 et
990 2115 1099 2176 seriem
1114 2113 1296 2176 narrationis
1309 2135 1432 2196 expen-

305 2212 402 2273 derit:
415 2223 540 2286 Νικόλαος
554 2221 567 2286 (
581 2212 722 2274 Nicotaus
737 2211 958 2284 Damascenus,
976 2209 1177 2294 philosophus
1191 2209 1431 2294 peripateticus,

304 2317 414 2391 potita,
448 2318 554 2370 orator
583 2317 614 2369 ct
644 2307 823 2384 historicus,
852 2308 892 2368 ab
917 2307 1042 2369 Herode
1069 2308 1115 2368 Μ.
1148 2305 1332 2368 ludaeorum
1353 2326 1431 2389 rege

303 2415 408 2466 orator
441 2404 548 2466 missua
574 2402 612 2464 ad
633 2405 802 2487 Augustum
834 2403 941 2487 Imp.)
961 2416 986 2472 ἕο
1004 2421 1037 2491 τῇ
1055 2414 1153 2498 ἑβδόμῃ
1183 2417 1227 2471 καὶ
1251 2417 1354 2498 εἰκοστῇ
1375 2419 1431 2468 τῶν

302 2515 421 2582 Ιοτοριῶιι
440 2511 557 2579 brittas,
583 2510 665 2582 pact,
684 2510 728 2565 τὸν
746 2513 870 2584 Ρωμαίων
887 2511 1051 2588 στρατηγόν,
1072 2513 1138 2568 οὗτοι
1154 2515 1255 2588 χαίρειν
1272 2513 1359 2584 μίμοις
1383 2509 1431 2564 καί

302 2608 482 2680 γελωτοποιοῖς
496 2605 634 2678 φιλὸγιλοιν
649 2607 804 2680 γινόμενον,
818 2606 851 2669 ὠς
863 2609 907 2662 καὶ
919 2608 1001 2662 πολλὰ
1015 2613 1064 2678 γῆς
1079 2609 1160 2682 μίτρα
1171 2608 1259 2670 αὐτοῖς
1274 2607 1430 2680 χαρίζιοθαι

300 2708 348 2764 τῆς
363 2699 497 2771 δαμοσίας.
516 2703 691 2772 Εμφαιίζουοι
707 2699 732 2755 d'
744 2701 824 2756 αὐτοῦ
842 2701 871 2756 si
896 2705 955 2779 aspi
969 2707 1053 2757 ταῦτα
1068 2701 1155 2779 ίλοιρόν
1168 2701 1196 2757 ul
1209 2703 1341 2757 ὑπἀὐτοῦ
1353 2721 1426 2775 'ypa-

301 2803 384 2872 φεῖσαι
401 2796 541 2868 σατυρικαὶ
555 2796 688 2870 κωμῳδίαι
701 2805 735 2880 τῇ
749 2799 852 2870 πατρίῳ
872 2787 927 2862 (id
948 2785 1121 2870 Schwelgb.
1135 2809 1173 2850 ex
1189 2789 1278 2850 MSS.
1294 2787 1431 2850 restituit

305 2908 363 2970 pro
383 2899 517 2970 πατρῴῳ)
533 2903 607 2978 paup
624 2927 658 2941 -
680 2885 765 2964 Quid
786 2885 884 2944 sero?
904 2905 1009 2946 nonne
1029 2886 1140 2947 fabulis
1163 2887 1353 2948 Graecorum
1368 2903 1431 2946 co-

303 2979 544 3064 rnico-satyricis
557 2979 721 3056 Atellanas,
743 2980 782 3040 ab
802 2981 892 3041 Oscis
911 2981 1047 3043 inventas
1060 3023 1069 3053 ,
1083 2980 1252 3044 simillimas
1266 2980 1356 3042 foisse
1369 2999 1431 3041 su·-

304 3099 359 3162 pra
386 3077 510 3162 professi
542 3077 670 3139 sumus?
697 3075 736 3138 ld
764 3076 888 3159 quidem
919 3098 982 3138 non
1002 3077 1253 3140 dissimulamus:
1272 3078 1432 3140 enimvero

305 3174 382 3236 baec
411 3171 646 3250 convenientia,
674 3172 698 3234 si
730 3193 795 3234 non
814 3181 898 3249 tota,
918 3183 1002 3234 certe
1022 3173 1183 3234 maximam
1205 3183 1341 3257 partem,
1362 3175 1432 3234 fur·

306 3268 382 3330 tuito
414 3268 517 3351 potius
547 3267 640 3330 fuisse
673 3266 813 3341 ridetur,
845 3286 938 3348 quam
959 3267 998 3328 ab
1018 3267 1188 3330 imitatione
1208 3271 1356 3350 prosecta.
1385 3267 1431 3328 Ea

305 3383 428 3446 quoque
455 3383 519 3424 non
542 3362 600 3422 nisi
629 3383 668 3424 ex
687 3363 965 3424 Grammaticorum
983 3363 1166 3436 (Diomedis
1186 3362 1243 3423 111.
1256 3385 1285 3445 p.
1308 3361 1377 3445 487.
1400 3372 1432 3423 et

306 3459 399 3520 Marii
429 3457 582 3521 Victorini
613 3458 654 3519 lt.
690 3479 720 3542 p.
748 3459 838 3542 2527.
860 3459 906 3520 ed.
920 3458 1071 3538 Putscb.)
1099 3458 1296 3531 testimoniis,
1321 3458 1432 3541 qulbus

305 3575 372 3619 non
392 3554 522 3616 nimium
542 3554 726 3635 tribuerim,
745 3574 889 3638 suspensa
911 3565 973 3629 est;
992 3565 1023 3618 et
1042 3557 1218 3638 neutiquam
1233 3555 1432 3641 dubitamus,

305 3651 380 3734 quin
409 3661 531 3734 praeter
559 3671 760 3733 personarum
793 3649 998 3712 diversitatem
1028 3657 1079 3725 (v.
1101 3662 1252 3736 sepnot.
1274 3652 1430 3727 ο3.)ο1ῐο

304 3769 427 3832 qnoque
457 3745 765 3829 deprehenderentur
797 3746 996 3822 discrimina,
1022 3749 1048 3809 si
1076 3747 1124 3810 rel
1152 3749 1240 3810 unius
1259 3748 1378 3812 fabulae
1397 3761 1431 3813 et

303 3841 596 3923 comico-satyricae
623 3850 655 3902 et
677 3841 835 3904 Atellanae
856 3841 992 3926 exempta
1013 3842 1197 3904 haberemus
1205 3887 1215 3920 ,
1237 3863 1316 3928 qnae
1336 3865 1430 3905 conr·-

304 3957 413 4020 psrare
433 3935 550 3998 liceret.
564 3936 653 4014 Quae
674 3933 798 4000 facultas
819 3959 914 4019 quum
935 3937 1023 4000 nobis
1044 3949 1203 4022 praerepta
1225 3941 1264 4000 sit
1283 3937 1360 4000 tristi
1383 3939 1429 4000 li-

250 4081 254 4088 .
303 4039 441 4092 terarum
473 4031 554 4106 fato,
582 4040 614 4092 et
641 4029 723 4094 iltius
742 4031 888 4093 dramatis
909 4031 960 4093 vix
981 4032 1041 4094 ulla
1061 4034 1246 4116 fragmenta,
1265 4043 1317 4095 aut
1336 4033 1429 4096 dubia

303 4131 422 4199 tantum
444 4125 565 4208 (qualia
580 4134 651 4187 sunt
671 4125 886 4189 Sositbeanum
908 4135 940 4188 et
959 4125 1038 4205 alia,
1056 4150 1132 4212 quae
1152 4149 1189 4190 eo
1209 4129 1428 4205 referuntur),

303 4217 393 4282 buius
412 4240 487 4284 vero
507 4220 674 4283 admodum
696 4242 792 4304 pauca
812 4222 1027 4306 reperientem
1045 4223 1144 4286 omnis
1159 4223 1233 4286 baec
1247 4224 1429 4307 disputatio,

302 4316 440 4402 quamvis
470 4319 642 4383 doctissima
670 4327 702 4381 et
725 4319 995 4402 ingeniosissima,
1023 4321 1145 4406 quatem
1170 4321 1237 4386 Cel.
1257 4324 1431 4386 Eicbstaedt

303 4413 435 4483 instituit
464 4413 580 4494 (euius
602 4414 850 4507 praecipientem
871 4427 1082 4487 momentaex
1115 4419 1276 4510 utriusque
1306 4421 1431 4491 fabulae
