3120 5494
595 429 747 489 Ssl'l'lRA
783 432 826 488 ll.

144 623 334 733 ignovisse
351 647 460 734 putes
471 687 483 720 ,
504 631 605 732 quia,
623 657 743 734 quum
762 647 891 720 tonet,
912 633 1016 706 ocius
1037 631 1111 706 ilex

143 745 299 822 Sulfure
319 745 519 822 discutitur
538 773 659 839 sacro,
677 773 791 850 quam
811 763 929 851 tuque
944 747 1180 852 domusque?
1236 785 1269 835 2⁵

142 867 202 939 An
220 857 311 968 quia
328 887 408 940 non
424 862 527 938 fibris
549 867 675 940 ovium
695 867 952 968 Ergennaque
972 863 1133 941 iubente

144 983 268 1083 Tpiste
285 983 383 1056 iaces
401 980 496 1056 lucis
517 979 811 1084 evitandumque
830 979 1014 1074 bidental,

142 1097 292 1172 Idcirco
311 1095 484 1208 stolidam
507 1097 666 1201 praebet
684 1098 752 1172 tibi
772 1096 914 1174 vellere
934 1097 1092 1174 barbam
1143 1102 1147 1110 '

143 1299 681 1376 quumeliumadpellerenequeat,quum·

144 1405 194 1458 que
202 1427 211 1451 ,
225 1385 267 1439 vel
281 1397 306 1440 te
319 1387 421 1454 iudice,
444 1387 515 1440 Staio
527 1388 561 1440 sit
574 1387 682 1458 potior?

178 1477 290 1529 rt-rs.
317 1475 392 1526 Tune
408 1483 499 1542 putes,
526 1477 616 1527 lovem
636 1473 683 1527 tibi

142 1555 296 1626 ignoscere,
315 1575 398 1625 quum
412 1574 466 1610 nou
488 1555 573 1610 stetim
592 1557 628 1612 eb
651 1575 682 1610 eo

138 1639 279 1710 puniaris?
295 1642 369 1694 Herc
380 1639 537 1694 sententium
551 1637 595 1692 olii
608 1639 682 1694 aliter

142 1721 299 1776 extulenrnt.

151 1795 158 1810 '
180 1811 224 1858 24.
242 1809 308 1858 ocius
320 1805 347 1861 b.
360 1804 378 1856 l.
392 1825 438 1875 pro
457 1808 538 1876 prius,
557 1805 664 1876 saepius.

180 1891 223 1940 2⁵.
235 1889 332 1960 sulfure
344 1907 415 1938 sacro
428 1886 445 1938 i.
458 1905 481 1940 e.
494 1885 616 1950 fulmine,
630 1905 683 1940 me·

145 1969 254 2040 tephora
262 1989 294 2022 ex
306 1970 484 2024 observatione
496 1980 557 2023 nsts
573 1970 682 2026 videtur.

144 2055 234 2105 Seuer.
253 2055 357 2120 Quaest.
378 2063 429 2104 net.
444 2055 485 2116 ll,
501 2060 543 2106 53.
563 2053 679 2122 Quocun-

144 2155 191 2206 que
207 2135 303 2188 decidit
313 2137 417 2207 fulmen
422 2173 432 2198 ,
457 2137 491 2188 itt
504 2137 607 2190 odorem
627 2137 680 2188 sul·

136 2221 208 2293 stuic
225 2241 277 2274 esse
290 2233 382 2272 certum
408 2232 454 2271 est.
479 2219 618 2289 Epitheton
637 2240 680 2272 sa·

142 2327 214 2360 crum
228 2317 254 2360 et
267 2305 371 2358 fulmini
383 2314 409 2358 et
425 2304 518 2358 sulfuri
533 2285 681 2375 ομῑιιωῖιῖς

145 2390 247 2442 fulmen
270 2388 341 2440 enirn
369 2398 407 2440 est
424 2387 506 2440 telum
527 2390 597 2442 lovis
618 2407 681 2457 pro-

146 2475 248 2544 prium,
266 2483 293 2526 et
305 2473 410 2526 sulfuris
421 2473 545 2545 frequens
558 2490 618 2525 usus
628 2481 683 2526 eru

147 2555 176 2608 iu
185 2555 372 2624 expiationibus
385 2555 611 2610 etlustretionibus
621 2573 683 2608 eum

146 2637 216 2708 apud
230 2639 342 2692 Graecos
360 2648 417 2692 tum
428 2638 495 2708 rpud
512 2641 649 2690 Romanos.

180 2725 223 2774 26.
238 2725 279 2776 27,
292 2721 376 2774 Verba
390 2722 426 2772 sic
445 2719 554 2772 ordina:
575 2725 608 2772 a'u
625 2721 684 2790 quin

144 2821 197 2856 non
208 2808 274 2856 iaces
293 2803 358 2872 (in)
375 2804 436 2856 lucis
454 2807 524 2856 triste
543 2816 569 2857 et
588 2807 683 2856 euan-

146 2889 207 2940 dum
223 2889 334 2940 bidental
338 2889 419 2960 fibris
432 2891 514 2941 orittm
527 2901 552 2940 et
561 2887 683 2958 Ergenna

145 2974 249 3025 ιὐὖιπιο.
267 2975 308 3024 An
327 2972 456 3042 quianon
469 2975 535 3026 isoes
548 2989 684 3042 percussus

145 3054 216 3107 lovis
230 3052 349 3108 fulmine.
371 3059 424 3108 Hoc
441 3056 564 3124 expressit
580 3075 610 3108 ex
631 3057 683 3108 ritu

147 3135 684 3208 antiquo,quofulguriti,rellocafulmiue

149 3233 233 3288 tecte,
246 3243 279 3276 ex
293 3228 478 3278 iletruseorum
490 3243 563 3276 more
573 3235 599 3277 et
612 3224 684 3276 insti·

146 3317 205 3360 tuto
217 3307 428 3377 procurabuntur.
449 3309 522 3362 Iaces
539 3309 616 3360 trusit
629 3309 683 3359 Ce-

147 3391 276 3444 mubouus
289 3390 322 3444 sd
336 3391 438 3444 Numae
452 3389 546 3462 legem,
561 3410 613 3462 qua
626 3389 680 3443 tut·

148 3477 221 3528 mine
238 3475 321 3528 ictum
333 3475 360 3528 io
372 3494 456 3546 genua
468 3474 526 3526 tolli
540 3473 683 3540 vetabatur,

150 3577 177 3612 v.
195 3558 303 3612 Festum
319 3561 346 3612 in
364 3577 428 3612 voce
450 3559 577 3613 Occisum.
603 3559 689 3632 Nimis

149 3652 259 3712 argute,
288 3653 317 3694 ut
341 3643 449 3710 opinor;
473 3641 581 3694 omnino
606 3651 689 3712 potest

151 3723 264 3795 intelligi
278 3737 304 3778 et
316 3723 368 3778 dici
382 3724 613 3795 deocciso.Virgil.
622 3727 688 3779 Aen.

148 3809 175 3872 l,
188 3814 229 3861 99.
244 3809 281 3862 ibi
297 3828 321 3862 v.
332 3811 418 3880 Heyn.
427 3810 540 3863 bidental
549 3807 619 3862 locus
632 3827 690 3878 pro·

148 3892 203 3961 prie
217 3890 328 3944 fulmine
343 3901 428 3946 tactus
439 3933 446 3958 ,
457 3892 587 3962 caesisque
600 3891 689 3944 biden-

149 3974 218 4026 tibus
235 3974 348 4044 expietus
357 3992 364 4040 ς
385 3974 410 4028 h.
425 3973 443 4027 l.
457 3975 489 4028 ed
505 3976 589 4045 ipsum
604 3973 689 4028 homi·

149 4077 212 4112 uem
229 4058 391 4112 translatum.
416 4058 526 4114 Salmas.
552 4060 583 4112 ed
606 4058 706 4114 Solim'

150 4162 175 4210 p.
188 4148 240 4195 799
254 4161 308 4213 seq.
324 4143 466 4195 evitandum
489 4143 600 4215 pedibus
618 4145 690 4196 enim

149 4224 248 4279 calcare
259 4224 409 4280 huiusmodi
423 4225 511 4280 locum
525 4227 597 4282 nefas
609 4227 689 4280 liabe-

128 4309 242 4377 batur,
255 4309 351 4364 idcirco
373 4312 520 4382 sepiebutur
541 4323 566 4366 et
589 4311 690 4364 claude·

152 4390 240 4450 batur.
260 4396 349 4450 Horat.
364 4393 461 4450 inerte
476 4403 535 4450 tn.
557 4397 624 4449 uine
651 4393 690 4452 vel

735 1303 767 1356 sb
781 1303 879 1368 omine,
893 1302 934 1356 vel
947 1303 1095 1374 abelfeetu3
1108 1303 1194 1358 tristes
1203 1307 1272 1358 euim

734 1385 797 1440 facit
814 1387 925 1440 viatores
942 1384 1001 1440 tulis
1018 1405 1091 1440 cesus
1105 1387 1230 1440 memoris
1248 1399 1274 1442 ct
1369 1407 1374 1418 ’

735 1472 937 1524 monimentum.
951 1473 1020 1524 breis.
1035 1470 1102 1522 fiunt
1112 1489 1204 1540 nempe
1215 1483 1273 1524 vote

734 1557 763 1610 in
787 1545 905 1626 timplis,
927 1573 994 1628 quae
1011 1554 1164 1626 plerumque
1181 1559 1270 1608 inum·

735 1639 925 1704 brobstlueus,
946 1640 974 1690 in
996 1657 1048 1708 quo
1074 1639 1191 1704 arbores,
1211 1639 1272 1706 quis

734 1740 787 1776 non
804 1723 993 1788 coedebsntur,
1023 1733 1096 1775 eraut
1117 1721 1272 1786 altissimae,

734 1807 844 1876 ideoque
857 1805 1012 1860 fulminibus
1032 1808 1117 1877 magis
1129 1805 1272 1877 expositae,

733 1889 794 1944 inde
810 1889 928 1942 lucorum
946 1889 1058 1942 fulmine
1071 1900 1199 1944 tactorum
1213 1889 1267 1942 fre·

734 1991 816 2044 quens
829 1973 928 2036 mentio
943 1973 1010 2043 opud
1031 1983 1139 2026 veteres.
1155 1977 1211 2027 Hoc
1224 1991 1271 2042 pe-

733 2052 874 2106 riculosum
888 2071 990 2123 quoque
1017 2053 1068 2106 fuit
1086 2052 1114 2106 iu
1135 2051 1198 2108 lucis
1212 2073 1271 2108 ver·
1297 2072 1319 2092 ’-

734 2135 848 2191 sontibus
865 2147 891 2188 et
904 2134 1000 2205 templa
1014 2135 1185 2202 adeuntibus,
1199 2146 1266 2188 tem·

734 2230 830 2289 pestate
844 2219 928 2272 subito
941 2219 1037 2272 obortu.
1054 2223 1114 2290 quio
1136 2237 1187 2272 non
1206 2223 1272 2272 iares

736 2302 800 2370 (in)
814 2303 876 2354 uuis
900 2301 1025 2371 siguificat
1042 2319 1121 2371 ergo:
1139 2301 1199 2370 quia
1218 2319 1271 2354 non

734 2385 859 2440 continuo
886 2387 953 2440 votis
969 2387 1057 2454 lirctis,
1082 2387 1109 2440 iu
1135 2387 1190 2456 ipso
1211 2384 1270 2438 loeo

734 2487 806 2524 sacro
813 2507 822 2532 ,
837 2472 925 2522 olore
938 2469 1050 2524 fulmine
1067 2469 1189 2539 tangeris.
1189 2469 1270 2541 Jidn's

733 2557 816 2606 nvitun
828 2554 996 2624 Ergennaque
1012 2555 1113 2605 uidente.
1130 2553 1214 2605 Huius
1231 2556 1271 2606 rel

734 2636 880 2704 procuratio
894 2654 947 2688 non
965 2635 1014 2688 uisi
1034 2637 1110 2688 certis
1130 2633 1223 2688 ritibus
1244 2645 1270 2686 et

735 2717 885 2790 haruspiciis
913 2720 968 2772 fieri
990 2729 1102 2790 poteret,
1126 2719 1266 2772 adhibebo·

734 2813 827 2874 turque
839 2804 873 2857 ad
891 2823 949 2858 enm
965 2823 1023 2882 rent
1042 2803 1160 2858 sacerdos
1182 2802 1271 2874 fulgu·

734 2907 797 2943 rum
808 2889 936 2950 conditor,
947 2889 989 2942 cui
1001 2907 1097 2943 nomen
1109 2899 1163 2942 eret
1176 2893 1271 2942 Hetru-

735 2992 809 3026 scum
824 2975 964 3045 Erpermas
983 2974 1029 3042 qui
1049 2971 1169 3041 inspectis
1181 2974 1272 3026 ovium

734 3056 864 3110 intestinis
880 3057 1005 3128 (fibris),
1031 3056 1095 3124 quid
1119 3055 1188 3108 fectu
1209 3075 1274 3125 opus

735 3153 814 3204 essct,
826 3140 983 3193 ostendebat.
997 3140 1156 3192 llucreferss
1168 3139 1272 3192 ιἰιόιυιιυ.

735 3223 841 3278 Lucien.
859 3223 933 3292 lupit.
949 3223 1047 3275 confut.
1064 3225 1097 3276 T.
1116 3225 1149 3274 11.
1169 3243 1194 3291 p.
1215 3228 1273 3278 638.

735 3309 797 3364 edit.
812 3307 882 3362 Reiz.
899 3307 928 3361 τὶ
946 3305 1042 3366 δήποτε
1060 3306 1116 3367 τοὺς
1130 3303 1274 3380 ἱεροσύλους

735 3394 781 3446 καὶ
806 3392 899 3460 λῃστὰς
925 3391 1044 3462 ἀφέντος,
1069 3389 1114 3442 καὶ
1139 3387 1275 3450 τοσούτους

737 3475 861 3546 ὑβριστὰς
881 3474 927 3526 tet
942 3473 1059 3544 βιαίους,
1077 3471 1122 3525 καὶ
1139 3470 1271 3545 τ’πιὸρκους

739 3556 804 3628 δρῦν
832 3574 889 3608 τινα
917 3555 1037 3616 πολλάκις
1062 3555 1230 3628 κεραυυοῡτι,
1256 3550 1271 3608 ἢ

739 3641 822 3706 lidus,
836 3641 851 3698 ἡ
867 3639 926 3700 νεὼς
939 3635 1024 3704 ιὀτὸυ,
1036 3635 1110 3692 sttts
1128 3635 1274 3700 ἀδικοὺοηςς

739 3724 816 3778 s'rlors
830 3720 860 3777 dl
870 3723 984 3798 χρηστόν
996 3739 1055 3777 τινος
1069 3719 1114 3774 καὶ
1126 3718 1195 3772 ὅσιον
1209 3716 1274 3772 ὁδοι-

739 3805 837 3876 πόρους
858 3806 884 3860 τὶ
906 3808 1020 3876 σιωπᾷς,
1044 3797 1064 3856 ὦ
1087 3807 1151 3866 Ζεῦ,
1176 3804 1191 3862 ἦ
1217 3799 1276 3858 ottt

739 3890 815 3944 τοῦτο’
827 3909 857 3962 με
870 3889 942 3958 θέμις
956 3877 1066 3958 ιἰδέυαις
1089 3887 1223 3942 nechabet
1236 3890 1277 3940 lu·

740 3971 820 4044 piter,
838 3973 909 4045 quod
922 3965 1084 4042 respondeat.

774 4063 816 4112 28.
843 4057 941 4112 Idcirco
962 4066 1051 4126 putas,
1073 4057 1163 4108 lovem
1183 4057 1210 4108 s'e
1230 4055 1277 4108 tibi

739 4139 855 4194 ludibrio
883 4140 1022 4210 praebere?
1055 4141 1157 4192 barbam
1169 4185 1172 4190 .
1185 4141 1278 4190 vellere

741 4244 803 4296 pro:
817 4243 982 4297 quocumque
1005 4221 1179 4278 contumeliae
1192 4233 1219 4276 et
1235 4243 1279 4275 ie·
1331 4276 1334 4282 ,

741 4310 852 4364 ustionis
872 4327 976 4383 genere.
999 4310 1069 4365 cous.
1091 4311 1144 4364 Set.
1169 4313 1192 4374 l,
1221 4315 1279 4363 433.

741 4395 881 4463 stolidam,
899 4395 947 4450 hoc
964 4394 996 4450 ud
1018 4413 1080 4448 eum
1100 4394 1202 4466 proprie
1221 4411 1278 4465 per·

866 4621 869 4629 ι
