3120 5494
348 382 439 510 396

829 419 963 480 rursu

340 621 422 695 Neu
441 621 526 722 quis
543 615 716 694 callidior
736 619 874 694 buxum
897 638 1079 722 torquere
1093 619 1262 724 flagello.

393 735 504 810 Haud
524 736 589 810 tibi
610 740 846 842 inexpertum
864 763 997 816 curvos
1018 737 1256 841 deprendere
1276 767 1425 834 mores,

342 853 525 952 Quaeque
545 852 657 928 docet
676 857 823 958 sapiens
841 855 1024 929 braccatis
1043 855 1149 928 inlita
1168 857 1288 930 Medis

342 969 538 1062 Porticus,
560 972 738 1048 insomnis
757 971 895 1074 quibus
914 989 952 1045 et
971 971 1129 1047 detonsa
1148 973 1322 1050 iuventus

341 1083 525 1188 Invigilat,
544 1085 687 1190 siliquis
705 1105 743 1162 et
760 1088 895 1190 grandi
914 1105 1019 1278 peste
1039 1088 1208 1193 polenta.
1434 1127 1468 1176 ες

294 1275 299 1285 ,
339 1201 387 1272 Et
404 1203 473 1275 tibi
490 1232 589 1306 quae
607 1207 747 1308 Samios
766 1204 896 1282 diduri

342 1374 406 1430 lucis
418 1378 524 1446 quidem
533 1381 629 1434 Onom.
644 1382 688 1445 lX,
701 1389 725 1444 7.
735 1382 795 1434 satis
806 1391 876 1434 nota.

377 1467 419 1518 51.
439 1465 557 1516 callidior
571 1467 623 1532 (sc.
636 1471 719 1535 esset)
735 1480 847 1538 torquere
860 1468 877 1518 i.

343 1565 368 1600 e.
382 1547 472 1600 mninri
493 1565 554 1600 cum
568 1549 717 1603 dexteritate
739 1561 877 1621 torqueret.

344 1630 434 1682 birrum
446 1632 463 1684 i.
482 1649 506 1682 e.
521 1631 652 1685 turbinem
670 1653 715 1686 seu
728 1633 845 1687 trocbum
863 1651 877 1686 e

344 1712 414 1765 burn
429 1722 570 1766 tornatum.
803 1756 804 1759 η

380 1802 490 1851 52-62.
513 1799 635 1868 Sequitur
662 1802 734 1869 quasi
760 1799 877 1869 epodosis

344 1883 401 1935 eius
419 1884 577 1948 sententiae,
595 1904 671 1955 quum
691 1887 783 1938 Noster
804 1906 828 1939 v.
844 1895 876 1939 tt

343 1971 419 2019 -51.
453 1969 597 2039 exprimere
620 1987 694 2022 orsus
714 1981 759 2022 est.
788 1970 877 2022 Pueris

343 2049 450 2117 quidem
471 2050 520 2104 hoc
540 2051 751 2118 concedendum,
769 2052 812 2106 sed
830 2055 877 2107 tibl

343 2151 397 2186 non
406 2134 485 2197 item,
500 2137 545 2208 qui
557 2136 608 2188 iam
621 2135 750 2191 mulorum
764 2139 876 2192 etberto·

343 2235 438 2270 norum
465 2219 591 2272 rstionern
606 2219 698 2272 babere
722 2223 815 2290 possis,
832 2221 876 2290 qui

343 2299 522 2371 philosophiae
535 2303 800 2373 ptneceptisinbutus,
814 2305 877 2376 quid

343 2383 521 2454 adpetendum
535 2385 567 2438 sit
581 2387 607 2437 in
621 2389 693 2439 nutui
705 2386 768 2452 viu,
781 2387 877 2456 quidve

343 2467 511 2538 fugiendum,
533 2470 597 2522 scire
615 2469 716 2522 debens.
747 2471 817 2522 llum
831 2469 877 2524 tibi

343 2565 428 2606 certus
441 2555 498 2606 finis
508 2555 650 2623 propositus
666 2555 725 2608 est?

380 2641 422 2690 52.
440 2638 518 2688 Haud
538 2639 582 2690 tibi
596 2641 744 2708 inexpertum
758 2657 804 2708 pro
821 2638 877 2692 scis.

342 2719 494 2788 deprendere
520 2719 668 2790 dignoscere
702 2741 746 2776 seu
780 2733 876 2776 notare.

343 2822 424 2855 mores
437 2821 537 2868 nevos,
551 2805 595 2873 qui
610 2823 696 2858 mores
709 2806 741 2858 ad
760 2807 877 2878 regulam

343 2903 396 2937 nnn
413 2887 493 2942 exacti
511 2899 587 2953 sunt,
604 2907 690 2942 curvor
702 2889 813 2960 ideoque
831 2911 876 2960 pro

343 2986 444 3037 pravos.
470 2973 590 3024 Ceterum
605 2975 712 3042 ingenio
723 2973 822 3026 exculto
835 2987 874 3028 at-

342 3065 391 3116 que
411 3053 549 3104 exercitato
563 3071 614 3103 non
628 3063 708 3122 potest
725 3055 797 3117 lieri,
811 3055 877 3126 quin

342 3134 421 3186 etiam
437 3133 575 3189 honestetis
588 3155 677 3189 sensus
691 3149 802 3193 acuatur.

377 3222 419 3270 53.
438 3229 463 3272 et
477 3223 518 3272 54.
539 3220 655 3291 Quaeque
668 3223 739 3275 docet
754 3231 801 3276 cet.
818 3241 876 3276 seu·

342 3319 399 3352 sus:
414 3311 441 3354 tu
454 3321 556 3372 quoque
571 3315 642 3357 tenes
654 3305 747 3358 stoicam
761 3305 873 3376 discipli·

899 1223 914 1279 t
949 1207 1040 1280 itera
1061 1233 1212 1296 summ,
1260 1231 1265 1244 ·

928 1391 1022 1434 notum
1037 1391 1083 1434 est.
1118 1383 1244 1435 Imomrtis
1260 1395 1284 1433 et
1300 1382 1408 1432 detonsa
1422 1385 1465 1432 iu·

927 1478 1016 1518 venun.
1042 1465 1178 1535 Significat
1197 1463 1349 1532 disciplinae
1369 1466 1466 1516 stoicae

927 1545 1112 1612 severitatem,
1143 1565 1208 1618 quae
1233 1547 1305 1600 omni
1338 1545 1414 1599 cultu
1439 1555 1466 1597 et

928 1633 1011 1695 victu,
1029 1630 1072 1700 qui
1088 1647 1140 1683 non
1155 1631 1256 1700 proprie
1268 1629 1416 1700 pertinebat
1432 1627 1463 1680 ad

927 1711 1010 1781 frigus
1027 1711 1171 1776 arcendum¹
1187 1712 1337 1782 sumensque
1349 1721 1375 1762 et
1394 1710 1463 1762 sitim

927 1794 1082 1856 sedandum,
1110 1793 1263 1846 abstinebat.
1296 1797 1462 1846 iuventutem

927 1881 1061 1960 praecipue
1082 1875 1160 1931 Stoici
1178 1877 1328 1932 exercebant
1347 1877 1374 1929 in
1396 1876 1462 1930 tole·

927 1961 1013 2015 randis
1027 1962 1172 2028 laboribus,
1187 1962 1289 2025 inedia,
1309 1960 1424 2032 vigiliis,
1436 1973 1465 2014 ut

927 2057 1017 2098 eontrn
1037 2063 1128 2098 omnes
1148 2045 1268 2096 fortunae
1285 2044 1351 2096 ictus
1364 2045 1466 2096 mnnita

927 2139 1001 2182 esset.
1046 2127 1214 2198 Disciplinam
1249 2127 1464 2198 philosophorum

932 2212 1063 2266 interdurn
1079 2213 1241 2266 severiorum
1253 2211 1329 2264 luisse
1342 2221 1369 2263 et
1378 2210 1464 2264 durio·

927 2315 998 2363 rem,
1011 2296 1121 2368 legimus
1135 2297 1200 2366 apud
1218 2296 1363 2348 Lucinnuns
1379 2295 1409 2348 in
1423 2295 1464 2348 Ni·

928 2380 1003 2452 grino
1026 2399 1049 2434 c.
1066 2385 1108 2434 27.
1126 2391 1152 2434 et
1170 2385 1211 2433 28.
1230 2383 1262 2431 Τ.
1280 2382 1301 2431 l.
1322 2399 1347 2449 p.
1366 2379 1463 2432 tired.

926 2465 996 2518 Reiz.
1010 2466 1121 2518 detonsa.
1150 2464 1342 2518 Stoiciburbam
1351 2463 1464 2527 alebant,

925 2550 970 2603 sed
983 2560 1057 2618 caput
1073 2561 1130 2602 cute
1144 2558 1218 2602 tenus
1233 2547 1382 2601 tundebant.

962 2640 1002 2687 ⁵5.
1020 2635 1124 2705 siliquis.
1149 2633 1257 2703 Sitiqms
1283 2651 1338 2686 uon
1361 2632 1465 2703 propris

926 2734 981 2770 esse
1011 2717 1212 2790 intelligendas,
1250 2717 1294 2769 sed
1330 2715 1465 2788 legumina

926 2818 1055 2871 quaeque,
1073 2806 1145 2854 cuius
1162 2801 1264 2871 generis
1278 2800 1382 2872 lupinos
1397 2817 1465 2864 esse,

926 2885 979 2937 iam
996 2885 1082 2938 docuit
1107 2885 1246 2936 Salmasius
1273 2884 1305 2936 ad
1333 2883 1420 2936 Solin.
1441 2903 1464 2952 p.

926 2975 984 3024 460.
1001 2969 1094 3040 grandi
1107 2971 1224 3038 polenta,
1243 2969 1326 3020 farina
1346 2966 1461 3020 hordea·

925 3073 986 3116 cea,
1000 3063 1029 3104 ut
1042 3054 1111 3104 tenui
1127 3063 1152 3105 et
1166 3053 1210 3104 vili
1225 3053 1292 3105 cibo.

935 3179 938 3186 .
960 3143 1001 3190 56.
1012 3136 1158 3188 Verborum
1172 3136 1238 3188 ordo
1250 3146 1300 3188 est:
1316 3155 1379 3205 panc
1390 3135 1465 3187 litera

926 3221 1029 3274 deduxit
1047 3217 1145 3272 Sarnios
1159 3239 1258 3282 ramos,
1280 3235 1309 3270 eu
1328 3219 1374 3269 tibi
1388 3237 1460 3270 men·

925 3309 1011 3358 suave
1028 3306 1119 3356 callens
1138 3315 1186 3357 cet.
1209 3297 1249 3356 Ad
1268 3305 1294 3356 h.
1314 3303 1333 3354 l.
1361 3303 1462 3355 intelli·

341 3397 535 3455 nsepraeeepta.
551 3387 672 3470 Portioup.
690 3387 812 3460 intelligit
826 3391 876 3442 No·
926 3389 1040 3462 gendum
1071 3387 1192 3442 valebunt
1214 3388 1293 3442 verbe
1318 3387 1405 3440 Servii
1433 3387 1465 3440 ad

342 3478 394 3520 ster
408 3469 453 3525 τὴν
468 3469 587 3528 ποικίλην
602 3471 696 3536 στοὰν,
711 3471 876 3545 ul’olygnoto
926 3473 1018 3544 Virgil.
1037 3475 1101 3524 Aen.
1126 3475 1167 3536 Vl,
1187 3479 1243 3525 ⁴36.
1263 3467 1388 3524 Novimus
1402 3469 1461 3538 Py·

341 3552 462 3620 picturis,
477 3555 601 3623 ‘inprimis
623 3575 707 3628 pugna
725 3555 769 3609 illa
786 3559 872 3608 blera·
926 3557 1060 3627 magorum
1086 3554 1197 3608 Sanum
1226 3556 1303 3606 vitam
1329 3554 1464 3605 brunnam

340 3635 442 3689 thonica
454 3637 567 3708 depicta,
580 3651 737 3693 exornatam.
745 3638 876 3693 Plutarch.
926 3643 1038 3693 divisisse
1051 3643 1078 3690 in
1091 3639 1190 3690 niodum
1205 3639 1234 3690 Υ
1243 3641 1343 3702 literae,
1355 3639 1463 3699 scitica,

341 3720 370 3770 in
396 3721 504 3772 Cimone
528 3741 550 3774 c.
571 3729 594 3774 4.
616 3725 649 3775 Τ.
670 3725 712 3776 111.
735 3721 776 3776 ed.
802 3725 875 3776 llutt.
924 3725 991 3796 quod
1011 3728 1175 3792 primnnctas
1194 3727 1287 3774 incerta
1302 3723 1349 3785 sit,
1374 3724 1464 3790 qnippe

342 3801 410 3856 Plin.
430 3807 462 3856 Η.
483 3805 515 3856 N.
537 3806 646 3868 XXXV,
673 3813 698 3858 9.
724 3805 828 3859 Cor-nel.
849 3805 876 3858 in
924 3828 986 3879 quae
998 3807 1079 3859 adbuc
1091 3825 1117 3858 se
1133 3825 1178 3857 uec
1190 3807 1463 3858 vitiisueevirtnribus

341 3885 460 3940 Miltiade
485 3896 510 3942 6.
527 3890 555 3942 ltl
576 3891 645 3959 quod
667 3891 794 3944 indicatur
814 3911 874 3961 per:
923 3897 1002 3948 dedit.
1020 3895 1123 3946 Bivium
1142 3905 1222 3945 nutem
1243 3892 1272 3944 ἵ
1282 3893 1370 3944 litem
1389 3894 1461 3942 niu·

341 3971 546 4025 brnccrtisinlita
559 3976 653 4028 Medis.
672 3977 783 4045 Bpaccne
800 3987 874 4028 erant
927 3989 1023 4032 vertute
1035 3983 1144 4048 incipere
1150 4016 1159 4040 ,
1177 3995 1225 4048 quo
1249 3989 1360 4044 tempore
1374 3975 1461 4027 burri·

340 4054 397 4109 laxa
412 4057 545 4111 semiustis
557 4079 602 4112 seu
617 4061 765 4124 femoralia,
781 4060 875 4131 quibus
926 4080 969 4116 nes
977 4075 1018 4115 urst
1028 4067 1103 4125 vitia,
1115 4059 1143 4112 id
1153 4073 1188 4112 est
1195 4099 1204 4123 ,
1212 4071 1309 4130 partem
1320 4060 1461 4120 sinistrum,

340 4139 431 4194 Persae
455 4145 589 4213 praecipue
610 4145 756 4198 utebantur.
801 4145 874 4197 inlita
924 4159 967 4198 aut
981 4149 1097 4209 viriiiter,
1110 4145 1138 4196 iri
1155 4157 1206 4206 est,
1218 4155 1314 4214 partem
1332 4143 1459 4205 dextram,

339 4245 387 4295 pro
417 4227 493 4298 picta.
514 4229 638 4282 Ceterum
661 4244 740 4282 stonm
754 4239 779 4282 et
790 4233 870 4302 porti·
923 4243 1060 4299 serpmrrtnr.
1082 4227 1116 4281 cl.
1140 4231 1252 4279 Lactant.
1271 4227 1316 4288 vl,
1336 4232 1359 4279 3.
1392 4224 1460 4276 ilinc

299 4384 300 4388 Ἰ
341 4329 396 4362 sum
423 4331 471 4382 pro
494 4309 627 4382 disciplina
656 4314 813 4377 stoicorum,
844 4322 873 4364 ut
924 4313 998 4366 facile
1031 4311 1196 4380 explicaveris
1219 4309 1323 4381 epithet.
1343 4307 1459 4370 Samios,

341 4395 479 4450 Academia
501 4417 547 4466 pro
563 4396 793 4466 Academicorum,
811 4397 873 4468 poni
924 4409 978 4452 erat
991 4415 1082 4467 nempe
1103 4395 1261 4468 Pythagoras
1278 4395 1304 4447 in
1318 4397 1399 4448 Samo
1416 4393 1456 4445 in·
