3108 5494
319 357 380 458 18
763 383 993 472 wanninc

314 598 363 654 luto
375 594 510 669 quidquam
523 592 662 650 Metuit.
676 588 736 663 [Sat
752 591 793 646 liic
805 592 968 666 philosophas
978 593 1064 659 videt,
1078 608 1129 646 nott
1144 593 1295 650 mnbraticos
1304 599 1455 668 magist-a!

314 699 418 752 maeque
431 682 493 732 artis
502 676 652 750 professores
662 677 814 740 etdoctorea
827 677 913 748 quales
918 678 1012 731 Bootae
1024 690 1075 729 tum
1088 689 1160 730 erata
1173 678 1358 744 Artemidorus,
1366 681 1395 733 E
1392 685 1452 751 pi-

314 775 401 824 ctetus,
422 760 495 812 nsnlu'
507 761 568 824 stin
583 764 634 812 imo
647 757 757 810 tornines
773 759 888 812 manens
903 763 931 811 in
941 761 1030 831 soram
1043 771 1067 810 ct
1080 757 1174 811 iudicia
1189 759 1290 828 publica
1296 797 1307 823 ,
1325 760 1397 831 leges
1412 779 1453 814 aa

314 849 370 900 insa
383 845 504 906 citantes,
516 855 590 911 atque
601 841 665 900 adeo
678 858 776 892 scenam
788 859 886 893 omnem
894 841 969 912 plane
979 845 1122 892 instructam
1134 842 1278 894 iudicialem
1288 847 1316 895 in
1327 845 1451 898 madunt.

316 925 348 981 V
349 927 374 978 el
385 925 432 977 boc
444 925 502 975 lieet
514 927 604 974 mirari
610 941 618 972 .·
632 933 743 974 attamen
760 921 864 974 alterum
877 923 954 975 mubo
967 925 1067 994 nangis,
1085 924 1154 992 quod
1164 923 1246 976 subito
1256 923 1295 976 bis
1314 925 1454 1018 dimiq‘s,

226 1013 228 1020 ⁴
315 1007 360 1080 qni
377 1005 469 1060 Curios
482 1003 606 1059 simulant
626 1017 652 1058 et
665 1004 829 1078 Bacchanalia
842 1005 953 1071 vivunt,
972 1009 1057 1059 statim
1073 1024 1090 1056 a
1106 1023 1132 1058 v.
1150 1011 1192 1059 65.
1206 1007 1321 1077 deflectit
1331 1007 1454 1062 meere·

314 1093 420 1146 erarium
432 1106 518 1157 genus,
530 1092 611 1160 sicque
627 1069 705 1142 mutat
725 1091 868 1159 ingenium,
886 1101 913 1142 nt
928 1107 975 1160 pm
992 1087 1162 1159 pbilosophis,
1178 1091 1354 1159 uupitudinem
1373 1091 1455 1154 multu

315 1171 540 1234 dissimulantibus,
556 1189 621 1223 nnnc
630 1171 755 1241 prodeant
768 1169 829 1234 alii,
843 1175 886 1242 qai
899 1170 1033 1242 infamiam
1046 1171 1179 1241 qssantlibet
1199 1173 1287 1242 palam
1301 1173 1405 1238 Ιιιιῠαιι,
1423 1184 1454 1228 a

314 1273 404 1325 parum
418 1253 504 1306 absrmt
511 1291 521 1316 ,
538 1254 597 1323 qrdn
611 1254 686 1304 etiam
693 1254 803 1322 flagitia
815 1269 858 1306 ssia
875 1255 976 1321 cupiant
990 1251 1018 1304 in
1028 1261 1085 1305 ecta
1101 1250 1203 1306 referri.
1219 1255 1304 1307 Addit
1315 1268 1454 1324 postremo

314 1337 382 1391 illud
395 1348 503 1388 monstro
517 1335 689 1399 simidmm,
707 1335 774 1406 ‹psod
793 1335 873 1399 nisos,
894 1335 1052 1388 riotttnimis
1066 1335 1179 1406 gentibus
1191 1347 1275 1402 ortos,
1288 1355 1339 1390 non
1353 1340 1448 1408 peda,

314 1439 364 1490 qno
375 1419 492 1490 placeant
504 1418 634 1482 Domino,
651 1416 726 1488 vulgo
748 1419 913 1486 imprecante,
936 1435 1027 1469 arenae
1049 1435 1150 1487 operam
1163 1417 1225 1470 dure
1241 1435 1270 1469 ac
1291 1419 1399 1472 volitari
1415 1424 1450 1473 in

315 1501 442 1554 servilibus
461 1501 528 1553 ludis
544 1499 722 1570 gladiator-ran.
747 1500 846 1551 Debent
870 1498 932 1551 baec
944 1495 1046 1568 quidem
1067 1499 1191 1552 disiuncta
1207 1499 1286 1551 videri
1290 1521 1298 1551 s
1313 1503 1340 1552 in
1352 1503 1446 1574 quibus

315 1581 481 1636 conciliandis
505 1595 588 1634 tamen
608 1592 711 1652 apparet
723 1581 797 1652 felia
815 1580 923 1633 audacia
937 1582 1026 1651 paitae
1039 1593 1124 1632 atnon
1145 1581 1249 1652 vulgare
1261 1583 1446 1652 ingenium—

283 1679 287 1690 '
315 1664 465 1735 Aperienda
476 1675 511 1715 est
523 1664 569 1714 via
584 1661 620 1713 ad
635 1661 824 1732 intelligendam
835 1663 962 1714 elementis
974 1679 1055 1714 renem
1066 1663 1236 1732 explicandis,
1245 1683 1308 1734 qssae
1320 1663 1376 1716 luuc
1389 1663 1444 1718 Sa·

313 1749 378 1798 tiras
388 1746 533 1798 scribendae
548 1749 754 1815 opporuasitatem
763 1755 844 1815 atque
855 1747 988 1798 materiam
1002 1743 1131 1796 dedensnt.
1155 1745 1193 1796 Et
1201 1747 1326 1815 primum,
1338 1747 1444 1818 idmsod

313 1828 391 1898 vulgo
407 1828 618 1897 negligentissime
628 1827 748 1898 faciunt,
763 1838 877 1879 acasrate
896 1829 981 1879 areima
1002 1827 1163 1898 informemus
1172 1828 1273 1898 faciem
1286 1839 1441 1900 temporum,

314 1913 342 1962 in
354 1927 402 1982 φα
413 1909 513 1981 quidem
525 1909 730 1978 repraesentanda
743 1905 931 1976 totnrnflSatirae
942 1921 1114 1978 armunentum
1124 1921 1242 1974 versatur,
1254 1917 1442 1980 quoqsscomnis

312 1991 419 2062 refertur
435 2005 460 2045 et
469 1993 614 2062 indignatio
626 2004 650 2043 et
663 1993 784 2060 cogitatio
796 1994 932 2060 scriptoris.
951 1991 979 2042 E
980 1991 1054 2060 cloga
1066 1990 1127 2042 baec
1140 2010 1195 2042 essm
1205 2003 1258 2045 tota
1269 1991 1362 2063 referat
1374 2005 1440 2045 tern-

314 2096 389 2147 pora,
404 2080 470 2138 sive,
484 2088 510 2126 ut
523 2094 587 2126 nona
599 2075 675 2126 modo
684 2074 824 2144 loquimar,
836 2073 942 2143 genium
954 2071 1048 2127 saeculi
1060 2073 1214 2138 Domitiani,
1227 2086 1278 2126 tnm
1291 2087 1334 2126 ast
1345 2079 1440 2146 scripta

315 2169 352 2208 est
362 2156 443 2208 adbuc
460 2157 589 2227 imperisan
607 2167 702 2206 tenente
717 2154 881 2228 Domitiano,
900 2166 924 2206 et
940 2157 1034 2206 interea
1049 2157 1149 2206 scriniis
1172 2166 1264 2206 retenta
1270 2177 1282 2219 ,-
1294 2167 1337 2206 ast
1349 2157 1438 2208 statim

312 2251 370 2309 post
382 2239 484 2290 caedem
497 2239 617 2308 &rotenis
630 2249 656 2288 ut
670 2249 762 2289 caraem
774 2237 902 2300 videntia,
919 2234 1071 2304 Satiranms,
1086 2255 1147 2308 qrsas
1160 2238 1257 2308 quidem
1269 2237 1350 2291 edidit
1363 2237 1437 2290 lane

314 2319 393 2384 nelis,
406 2332 518 2388 tempore
531 2321 644 2390 primam
659 2321 770 2370 omnium
783 2337 836 2370 cese
849 2319 989 2372 babendum
1005 2319 1070 2372 barse
1087 2331 1206 2374 nostram.
1229 2319 1368 2391 Praecipue
1380 2334 1438 2374 nent

317 2399 491 2454 memorabiles
507 2418 587 2454 verens
598 2402 724 2464 29-33t,
737 2401 765 2450 in
777 2401 862 2469 nisibus
873 2400 1057 2472 modmmodo
1071 2405 1166 2470 spirat,
1178 2401 1291 2454 sidicere
1303 2403 1375 2467 licet,
1391 2421 1436 2455 ar-

317 2487 428 2552 gumenti
441 2486 535 2547 anima,
547 2495 570 2535 et
584 2485 654 2552 viget
667 2500 750 2535 recens
760 2486 881 2550 asperitas
892 2503 923 2535 ex
936 2503 1027 2554 nupera
1040 2487 1170 2536 atrocitate
1173 2482 1330 2554 fbcinorum.
1343 2483 1438 2536 Domi·

315 2570 380 2617 tiani
394 2565 436 2616 bic
448 2567 531 2616 notari
544 2565 697 2636 infamiam,
710 2567 763 2615 sine
779 2568 944 2617 aoritronersia
961 2553 1113 2634 demonstrat
1132 2565 1248 2618 additum
1272 2583 1371 2636 nuper,
1385 2587 1440 2622 retn

311 2649 389 2719 plane
400 2649 569 2720 signficans,
584 2665 646 2718 qnae
669 2657 723 2698 erat
735 2652 848 2716 proxime
869 2647 1014 2711 commissa,
1031 2639 1263 2721 asmnwisfartasse
1271 2648 1379 2718 plia-ium
1395 2653 1442 2701 in-

273 2785 279 2793 ,
314 2732 419 2786 tervallo
433 2749 552 2782 minorum
559 2751 570 2796 ,·
587 2747 650 2800 quae
668 2741 705 2782 est
717 2733 838 2781 sermonis
851 2731 1000 2782 consuetudo
1021 2735 1048 2782 in
1069 2725 1159 2790 telibus
1172 2729 1294 2800 ponetsdis
1306 2730 1440 2786 adverbiis.

314 2812 425 2865 Accedit
438 2811 485 2863 leuc
497 2811 658 2880 confirmatio
671 2821 695 2860 et
710 2809 766 2861 loco
779 2809 863 2862 Plinii
871 2811 898 2862 E
898 2829 943 2879 pp.
952 2808 1001 2864 IV
1006 2851 1014 2876 ,
1028 2817 1075 2876 ts,
1091 2818 1173 2878 6,‘res
1192 2829 1315 2882 peraeque
1331 2817 1439 2866 eanim-

313 2895 413 2963 gentis,
430 2912 505 2964 qsacrn
521 2893 684 2956 Domitianas
698 2889 856 2957 Corneliam,
869 2892 1001 2945 Vestalem
1017 2893 1164 2946 Maximam
1176 2933 1184 2958 ,
1196 2897 1279 2964 specie
1289 2897 1381 2948 incesti
1391 2897 1438 2949 de-

312 2975 375 3047 fodi
392 2977 552 3046 imperasset:
568 2975 622 3028 Nec
634 2974 736 3028 minore
747 2973 851 3040 scelere,
861 2992 940 3045 quem
955 2973 1023 3044 quod
1036 2973 1123 3030 ulcisci
1137 2974 1291 3042 videbatur,
1304 2978 1441 3032 absentem

313 3055 510 3126 inauditamque
532 3056 669 3112 damnavit
690 3057 796 3120 incesti,
810 3075 894 3127 quum
914 3059 968 3127 ipse
987 3058 1075 3111 fratris
1095 3055 1176 3110 filiam
1191 3059 1290 3112 incesto
1306 3077 1360 3113 non
1375 3059 1434 3130 pol·

313 3136 405 3192 luisset
417 3137 502 3191 solnm
511 3176 519 3202 ,
535 3139 717 3192 verumetiam
731 3138 874 3192 occidisset:
895 3158 956 3192 nam
971 3139 1051 3193 vidus
1073 3139 1165 3194 abortu
1184 3141 1269 3211 periit.
1302 3143 1399 3213 Quibus
1411 3145 1439 3195 in

313 3221 397 3273 verbis
407 3219 538 3286 extremis,
551 3223 585 3274 de
597 3222 704 3273 veritate
716 3222 830 3274 lectionis
843 3221 922 3274 vidua
934 3263 942 3288 ,
953 3241 1003 3275 non
1015 3223 1117 3276 debebat
1129 3227 1294 3293 praetermitti
1306 3226 1375 3278 utilis
1386 3245 1436 3278 an·

311 3305 407 3356 notatio
420 3301 533 3355 Reimari
546 3303 581 3354 ad
597 3303 669 3355 Cass.
681 3303 758 3355 Dion.
782 3321 808 3371 p.
825 3307 900 3355 ttot.
915 3303 934 3356 l.
958 3309 999 3358 82.
1024 3303 1117 3356 Posita
1132 3305 1245 3357 quenali
1265 3307 1392 3376 pta-ama
1404 3326 1439 3360 esc

311 3403 369 3436 vero
379 3390 415 3437 sic
429 3386 585 3457 intellegunt,
603 3385 697 3437 Iuliam
709 3403 759 3438 non
771 3385 915 3452 nnnm,'sed
925 3386 1008 3456 plenos
1023 3387 1116 3457 fecisse
1133 3388 1229 3440 abortus
1242 3389 1320 3456 (nam
1332 3390 1437 3442 minime

312 3467 426 3518 inaudita
440 3467 539 3520 Latinis
551 3467 660 3520 abortivi
671 3468 848 3538 significatio,
859 3487 922 3540 quae
930 3472 1030 3538 ponitur
1039 3487 1088 3538 pro
1101 3469 1233 3537 abortu)‚·
1247 3489 1291 3522 nec
1307 3471 1439 3543 resiliitns·

311 3549 341 3599 id
352 3547 439 3600 saltent
452 3550 552 3602 collatis
566 3550 726 3602 mentionibus
738 3563 873 3603 ceteronsm
883 3552 1042 3620 scriptam,
1055 3563 1079 3602 et
1092 3553 1155 3604 satis·
1161 3551 1278 3604 credibile
1282 3553 1323 3623 fit
1337 3553 1434 3606 diutur-

310 3631 388 3680 nitate
397 3627 491 3699 foedae
511 3631 673 3697 Imperatoris
690 3650 745 3684 eum
766 3629 835 3682 Iulia
855 3631 953 3684 habitae
974 3633 1169 3684 consueutdinis:
1193 3652 1242 3703 qua
1262 3633 1295 3684 de
1311 3648 1439 3688 memorat
1473 3633 1475 3636 ’

314 3709 414 3764 Cassius
425 3712 478 3764 Dio
494 3711 624 3778 LXVII,
637 3719 652 3766 3
663 3751 671 3776 ‚
681 3726 705 3764 et
717 3715 782 3783 ipsas
793 3732 873 3765 annos
885 3726 1008 3786 computat
1014 3751 1024 3778 ,
1039 3715 1126 3778 nimio,
1140 3726 1165 3766 ut
1179 3715 1263 3786 nsultis
1279 3719 1306 3768 its
1319 3717 1379 3769 aliis
1391 3735 1435 3769 re·
1447 3753 1449 3760 ι

310 3791 355 3844 bns
366 3831 375 3857 ,
387 3798 515 3857 acumine,
530 3793 682 3849 Dodwcllus
694 3795 764 3848 Arsrs.
784 3796 890 3865 Quintil.
908 3816 935 3868 p.
962 3802 1020 3850 stt.
1046 3797 1118 3849 Fecit
1136 3793 1219 3849 lamen
1239 3799 1314 3868 poita
1327 3797 1440 3868 fortasse

310 3873 458 3944 benignius,
472 3887 542 3944 turpe
549 3877 654 3948 facinus
664 3895 765 3929 numero
782 3888 890 3949 angens,
904 3879 1110 3950 quemadmodum
1122 3880 1190 3950 loqtd
1201 3879 1306 3932 solennis
1318 3881 1439 3952 indigna·

195 4037 200 4048 ,
312 3957 397 4010 bandi.
418 3955 501 4010 Nobis
513 3959 593 4012 Dioni
606 3958 698 4030 sufficie
708 3961 808 4014 credere
817 3982 849 4024 ‚a
862 3981 911 4033 qno
924 3961 1000 4015 scelsu
1010 3961 1117 4035 refertur
1132 3963 1168 4015 ad
1180 3982 1272 4016 arentsm
1287 3963 1324 4020 V.
1337 3963 1437 4018 amo·
1511 4011 1514 4014 .

313 4050 369 4104 post
387 4035 416 4091 C.
427 4035 465 4090 N.
480 4044 521 4100 83,
534 4059 608 4108 quum
621 4059 712 4094 armum
726 4043 778 4094 iam
789 4047 889 4095 tertium
903 4040 1009 4095 Flavius
1023 4042 1130 4095 ultimus
1140 4043 1325 4097 semianimum
1339 4043 1433 4097 orbem

219 4149 222 4156 -
312 4115 445 4172 laceraret.
472 4117 524 4172 Sed
537 4139 587 4173 non
610 4123 709 4176 obscene
723 4125 774 4195 ipse
790 4129 874 4194 arguit
892 4124 1032 4182 Iuvenalis.
1051 4127 1098 4178 ltoc
1116 4125 1203 4179 eodem
1219 4127 1436 4200 temporefiectum

308 4196 410 4269 fnisse,
430 4213 456 4252 ut
469 4199 597 4272 Principis
607 4203 688 4257 edicto
702 4202 771 4276 leges
784 4223 887 4258 amarae
899 4211 926 4258 in
941 4226 1010 4259 nsum
1027 4221 1208 4260 revocarentur:
1231 4209 1366 4280 itidemque
1378 4225 1433 4258 rem

314 4279 416 4351 colligit
430 4282 579 4340 Dodwellns
591 4286 610 4338 l.
623 4307 646 4340 c.
675 4289 717 4341 De
728 4287 767 4339 leis
779 4289 873 4360 legibus
884 4295 1005 4343 revocatis
1023 4289 1087 4342 nibil
1098 4304 1197 4361 praeter
1210 4296 1313 4344 incertos
1323 4307 1435 4342 nanores

318 4365 448 4434 ponfemnt
461 4370 496 4420 ad
509 4369 666 4421 Invertalem:
677 4371 744 4444 quod
760 4376 844 4425 ntinus
849 4377 968 4428 nnromur
977 4379 1003 4426 in
1014 4385 1104 4437 tanta,
1117 4387 1171 4428 tam
1182 4375 1256 4428 bodie
1266 4375 1416 4444 penndgata
1421 4413 1433 4439 ,

320 4446 476 4534 iffie'l‘llltlw
489 4451 556 4518 lusit
565 4451 808 4522 tomitanam.
818 4452 883 4523 Non
893 4457 971 4523 solum
983 4457 1111 4541 redactam
1123 4457 1207 4542 lcpem
1220 4457 1313 4520 Iubam
1319 4495 1331 4533 ,
1346 4475 1434 4534 venien
