3098 5498
325 305 413 400 188
645 350 648 357 ’
763 333 986 400 rrvnuacrs

316 541 497 642 Quisquis
515 535 620 612 adest
637 535 758 613 socius
767 589 778 628 ,
796 562 867 612 eur
883 537 977 614 baec
994 538 1036 612 in
1052 547 1225 642 tempora
1240 534 1387 633 duret,

316 655 429 751 Quod
443 656 590 730 facinus
608 653 765 756 dignum
782 667 858 728 tam
875 651 991 758 longo
1009 651 1207 732 admiserit
1217 660 1339 733 aevo?
1387 689 1448 746 25⁵

316 773 418 848 Haec
437 770 568 847 eadem
583 767 740 860 Peleus,
766 785 918 874 raptum
944 795 1060 871 quum
1080 769 1184 874 luget
1203 771 1392 849 Achillem
1403 803 1417 866 ;

318 891 444 992 Atque
463 885 576 976 alius,
595 887 656 960 cui
675 881 730 960 fas
747 883 918 960 Ithacum
936 879 1071 988 lugere
1089 903 1293 964 nutantem.

319 1001 506 1078 Incolumi
530 1003 646 1076 Troia
661 1001 829 1078 Priamus
847 1001 1008 1080 venisset
1023 1000 1073 1078 ad
1090 1002 1242 1082 umbras

320 1122 488 1197 Assaraci
507 1121 650 1224 magnis
667 1116 908 1210 solennibus,
923 1118 1220 1198 Hectorefunus

320 1241 501 1314 Portante
521 1263 563 1312 ac
581 1233 737 1340 reliquis
757 1234 918 1310 fratrum
937 1235 1145 1314 cervicibus
1163 1237 1265 1314 inter
1370 1267 1445 1326 m

320 1352 482 1429 Iliadum
499 1352 706 1443 lacrumas,
727 1368 771 1428 ut
788 1354 929 1457 primos
947 1351 1060 1428 edere
1080 1353 1256 1458 planctus

321 1469 528 1547 Cassandra
545 1469 732 1573 inciperet
747 1471 934 1574 scissaque
953 1467 1149 1574 Polyxena
1165 1469 1288 1576 palla,

322 1585 361 1660 Si
378 1583 479 1661 foret
495 1585 698 1660 exstinctus
717 1581 865 1662 diverso
886 1600 1080 1689 tempore,
1106 1611 1185 1689 quo
1203 1611 1285 1662 non

323 1699 509 1802 Coeperat
526 1697 683 1774 audaces
701 1699 805 1773 Paris
823 1697 1019 1774 aedificare
1038 1701 1193 1777 carinas.

324 1814 454 1917 Longa
471 1812 550 1889 dies
566 1815 682 1916 igitur
698 1813 793 1917 quid
811 1812 1004 1890 contulit?
1022 1817 1147 1892 omnia
1165 1815 1259 1893 vidit
1383 1850 1431 1900 aas

324 1929 487 2019 Eversa,
507 1945 546 2003 et
563 1927 719 2004 flammis
737 1929 858 2004 Asiam
877 1928 1059 2035 ferroque
1076 1930 1282 2006 cadentem.

305 2043 434 2118 .Tunc
453 2041 556 2122 miles
573 2041 755 2119 tremulus
774 2045 895 2148 posita
915 2043 1002 2120 tulit
1020 2073 1122 2120 arma
1140 2049 1236 2122 tiara

324 2161 372 2234 Et
391 2163 468 2236 ruit
487 2177 575 2234 ante
593 2188 696 2234 aram
713 2163 843 2237 summi
864 2163 982 2254 Iovis,
1002 2178 1045 2236 ut
1064 2161 1211 2238 vetulus
1228 2161 1320 2251 bos,
1395 2213 1398 2220 ,

271 2366 273 2372 ¹
325 2279 400 2371 Qui
418 2276 559 2354 domini
579 2275 713 2358 cultris
732 2293 845 2353 tenue
860 2295 899 2352 et
918 2277 1127 2355 miserabile
1145 2277 1285 2356 collum

324 2393 497 2482 Praebet,
516 2393 563 2468 ab
581 2396 730 2496 ingrato
748 2395 821 2468 iam
839 2392 1024 2470 fastiditus
1045 2411 1184 2473 aratro.
1206 2419 1210 2432 ·
1334 2407 1338 2416 '
1389 2431 1438 2484 πο

325 2509 455 2584 Exitus
474 2505 539 2582 ille
556 2524 762 2611 utcumque
780 2507 961 2584 hominis:
989 2507 1056 2584 sed
1074 2525 1181 2586 torva
1199 2511 1336 2586 canino

325 2623 494 2702 Latravit
512 2625 631 2716 rictu,
648 2651 748 2727 quae
765 2623 973 2729 posthunc
993 2627 1157 2718 vixerat,
1176 2651 1283 2700 uxor.

266 2727 267 2732 ¹
376 2737 526 2812 Festino
546 2735 594 2810 ad
613 2754 785 2830 nostros,
804 2754 843 2812 et
861 2763 988 2842 regem
1007 2757 1157 2814 transeo
1174 2741 1287 2816 Ponti

326 2855 376 2937 Et
393 2855 592 2941 Croesum,
610 2879 723 2954 quem
742 2880 812 2930 vox
833 2856 919 2930 iusti
940 2855 1105 2930 facunda
1123 2853 1276 2930 Solonis

326 2968 524 3069 Respicere
544 2965 591 3042 ad
609 2964 744 3070 longae
760 2970 866 3045 iussit
883 2973 1001 3074 spatia
1020 2969 1150 3044 ultima
1171 2973 1278 3047 vitae.
1391 3005 1440 3054 255

326 3081 507 3159 Exsilium
526 3099 563 3158 et
581 3085 712 3158 carcer¹
731 3085 1088 3189 Minturnarumque
1107 3083 1266 3191 paludes

326 3203 376 3275 Et
394 3199 626 3278 mendicatus
645 3202 741 3280 victa
759 3201 982 3306 Carthagine
1002 3204 1110 3307 panis

327 3318 426 3393 Hinc
442 3343 570 3394 causas
590 3318 767 3394 habuere.
789 3317 890 3414 Quid
908 3317 975 3395 illo
992 3321 1072 3396 eive
1091 3317 1239 3394 tulisset

327 3437 471 3511 Natura
488 3437 529 3510 in
545 3437 678 3528 terris,
697 3433 792 3540 quid
810 3437 925 3511 Roma
943 3433 1090 3512 beatius
1109 3460 1307 3540 umquam,

362 3573 421 3660 251.
440 3607 472 3658 ab
487 3609 556 3660 omni
574 3605 690 3676 Quasquie
708 3607 778 3660 adest
793 3611 860 3661 socio
910 3617 950 3662 cte
962 3603 1082 3678 praetulit
1093 3603 1227 3678 vulgatam
1236 3603 1285 3667 lec.

329 3694 354 3742 a.
373 3693 413 3743 ro.
428 3693 538 3743 u-ar.
554 3692 664 3744 as-so,
678 3693 720 3743 ss,
737 3694 779 3742 ss.
795 3693 861 3742 57-
944 3695 1003 3744 ars.
1027 3690 1147 3749 aruasia
1166 3687 1255 3742 saroa
1276 3705 1317 3757 ap.
1336 3685 1443 3738 Lusias

328 3777 372 3828 63.
384 3779 493 3833 65-69.
513 3779 555 3827 71.
577 3777 619 3826 72.
641 3778 682 3827 73.
702 3782 730 3828 et
749 3773 861 3826 maxima
911 3778 1036 3827 Επισκοπ.
1053 3791 1076 3827 c.
1087 3778 1125 3828 10.
1142 3769 1249 3826 Οὐδέπω
1261 3763 1337 3835 olda,
1352 3771 1442 3845 lipsius

329 3875 388 3929 pars
399 3858 476 3912 Mos.
486 3857 566 3911 Paris.
912 3856 984 3922 (scil.
997 3857 1025 3912 ui
1038 3854 1177 3926 εὐδαίμονα
1188 3848 1272 3924 siuas)
1286 3853 1319 3912 ira
1332 3854 1368 3924 μὴ
1382 3851 1442 3924 πρὸς

363 3948 421 3997 263.
437 3961 486 4014 φιο
508 3947 561 3996 iarn
582 3949 608 3998 7.
629 3947 668 3996 to.
693 3945 799 3995 14-27.
817 3943 860 3994 29.
910 3939 939 3994 τὸ
954 3940 1110 4020 τὸλοςὰφίκῃ
1123 3943 1168 3993 τοῦ
1181 3939 1250 4011 βίου.
1268 3942 1292 3991 0
1314 3937 1369 4008 γὰρ
1389 3936 1441 3988 Βά-

329 4030 555 4082 411-50.54-·69.
573 4031 682 4082 71-71.
698 4035 724 4080 et
746 4021 862 4096 plerique
910 4043 984 4087 νατος
995 4025 1104 4098 ἀκριβὴς
1124 4024 1231 4096 ὓπγχος
1253 4021 1441 4076 τῶντοιούτων

330 4109 405 4164 codd.
420 4112 575 4182 Pariaque
591 4120 743 4168 neumausi
756 4109 821 4163 deb.
911 4111 956 4163 aul
969 4107 998 4162 τὸ
1011 4103 1077 4179 ἄχρι
1090 4105 1153 4183 πρὸς
1169 4107 1198 4160 τὸ
1215 4103 1299 4182 τέρμα
1321 4101 1442 4174 addespi-

366 4197 424 4247 271.
436 4197 493 4248 iusti
503 4214 575 4265 quem
593 4214 644 4248 uox
661 4201 702 4248 14.
717 4199 755 4248 15.
772 4196 861 4246 1718.
912 4211 960 4254 auc
978 4190 1126 4262 διαβιῶναι.

331 4281 374 4334 20.
389 4279 428 4328 21.
445 4277 606 4346 laetificanda
620 4283 645 4332 8.
659 4275 728 4330 uude
739 4293 792 4328 uox
803 4293 862 4328 asoa
946 4277 1005 4328 277.
1019 4273 1176 4344 Karthagine
1195 4282 1235 4328 11.
1252 4275 1292 4326 18.
1310 4269 1379 4324 md
1394 4269 1443 4330 Vl,

333 4361 492 4431 iustificauda
505 4362 573 4430 coni.
587 4361 651 4416 Pitb.
664 4361 708 4432 qui
721 4368 808 4418 umen
822 4377 860 4414 rc·
915 4361 972 4412 171.
