3078 5494
527 393 674 450 sartaa
713 391 801 448 xlv.
1100 357 1208 450 '251

96 601 301 690 Quantum
319 588 388 666 sub
407 589 515 664 Tatio
534 587 697 693 populus
723 591 909 666 Romanus
927 592 1067 668 arabat.
1173 631 1220 679 460

92 713 192 785 Mox
211 714 321 784 etiam
339 706 466 782 fractis
485 722 604 780 aetate
622 731 664 778 ac
680 708 821 780 Punica
839 710 954 810 passis

94 825 254 900 Proelia
273 822 332 902 vel
350 822 540 925 Pyrrhum
560 823 755 896 immanem
776 817 994 926 gladiosque
1014 824 1195 902 Molossos

99 940 278 1014 Tandem
300 963 370 1042 pro
391 935 517 1012 multis
536 939 595 1010 vix
615 938 743 1037 iugera
762 935 852 1010 bina
871 936 1061 1014 dabantur

98 1055 352 1130 Vulneribus.
384 1057 528 1128 Merces
549 1079 593 1126 ea
611 1054 801 1155 sanguinis
820 1069 934 1154 atque
955 1053 1094 1130 laboris

101 1171 233 1246 Nullis
251 1173 328 1246 visa
346 1197 524 1272 umquam
541 1170 679 1244 meritis
700 1171 845 1260 minor,
858 1188 925 1256 ,aut
943 1172 1111 1272 ingratae
1182 1203 1229 1253 «ἧς

103 1288 227 1359 Curta
246 1284 337 1360 fides
356 1288 513 1388 patriae.
550 1284 749 1360 Saturabat
767 1283 918 1388 glebula
936 1285 1018 1362 talis

105 1405 264 1476 Patrem
282 1403 404 1504 ipsum
425 1400 649 1502 turbamque
664 1426 793 1492 casae,
812 1429 888 1504 qua
906 1399 982 1476 leta
1000 1400 1145 1478 iacebat

104 1520 217 1592 onr
234 1535 272 1591 et
292 1515 453 1592 infantes
472 1514 656 1606 ludebant
674 1534 861 1618 quatuor,
879 1543 977 1594 unus
1065 1581 1074 1588 .

106 1631 308 1722 vernula,
328 1650 404 1706 tres
425 1630 588 1722 domini;
610 1631 677 1708 sed
694 1635 835 1735 magnis
854 1631 1033 1710 fratribus
1050 1633 1182 1708 horum

111 1749 145 1822 A
169 1749 301 1824 scrobe
318 1745 379 1824 vel
398 1746 503 1824 sulco
523 1747 769 1824 redeuntibus
786 1748 904 1824 altera
920 1775 1038 1826 coena
1184 1784 1231 1834 «ao

107 1863 287 1967 Amplior
306 1881 343 1936 et
363 1863 524 1965 grandes
542 1863 737 1939 fumabant
754 1865 922 1969 pultibus
943 1865 1052 1942 ollae.

110 1981 148 2052 N
151 2005 228 2052 unc
248 1978 381 2054 modus
401 1979 462 2052 bic
481 1981 560 2082 agri
578 1998 711 2056 nostro
729 2007 808 2057 non
824 1983 958 2057 suffieit
974 1982 1097 2058 boeto.

108 2094 210 2168 Inde
227 2094 307 2169 fere
328 2093 512 2177 scelerum
532 2121 686 2187 causae,
705 2122 775 2172 neo
795 2095 907 2202 plura
933 2124 1078 2175 venena

112 2211 268 2284 Miscuit
288 2227 353 2284 aut
370 2209 474 2286 ferro
492 2229 680 2312 grassatur
699 2216 844 2316 saepius
864 2213 987 2289 ullum

113 2325 312 2399 Humanae
331 2330 465 2401 mentis
484 2327 636 2415 vitium,
657 2352 770 2425 quam
787 2354 895 2404 saeva
912 2327 1050 2432 cupido
1183 2364 1230 2412 os

9 2501 14 2512 .
112 2439 294 2514 Indomiti
314 2466 446 2516 census
459 2467 574 2530 :nam
594 2441 695 2518 dives
716 2445 782 2544 qui
806 2441 889 2518 fieri
908 2447 1010 2538 vult,

112 2558 166 2628 Et
184 2559 259 2628 cito
278 2555 358 2632 vult
376 2555 468 2630 fieri.
496 2555 571 2630 Sed
588 2584 685 2659 quae
704 2553 916 2634 reverentia
933 2559 1078 2662 legum,

113 2673 209 2763 Quis
228 2687 348 2747 metus
365 2689 430 2746 aut
446 2671 571 2777 pudor
590 2691 645 2748 est
665 2702 840 2778 umquam
852 2679 1088 2780 properantis
1105 2677 1229 2754 avari?
1261 2697 1264 2715 ¹

155 2919 301 2982 totpasus
312 2927 393 2966 actm
408 2925 448 2966 44.
465 2915 609 2988 sedsraetis
622 2915 649 2968 iu
735 2923 791 2970 472.
810 2930 893 2969 vestro
907 2924 945 2972 57.
963 2947 997 2960 —·
1010 2937 1073 2988 agro
1092 2937 1139 2989 pro
1157 2917 1229 2970 barto

112 3013 201 3064 marg.
218 3025 252 3036 -·
268 3009 292 3047 et
311 2996 525 3052 Porticenses.
545 3004 586 3050 46.
607 3007 650 3052 47.
702 3005 742 3052 45.

114 3085 159 3130 49.
179 3083 291 3132 54-58,
311 3085 353 3132 60.
373 3087 413 3133 el.
435 3111 467 3122 -
488 3081 556 3133 Ante
578 3081 648 3135 bunc
737 3084 792 3136 474.
809 3101 839 3134 ao
849 3085 922 3154 fetro
940 3087 981 3136 24.

114 3179 225 3214 vernam
245 3163 368 3216 excidisse
395 3183 478 3215 norun
507 3163 650 3218 alterumve
735 3172 929 3219 tineaevoll.

115 3245 240 3314 susspicasi
259 3250 352 3315 possis:
365 3247 394 3298 in
408 3247 591 3300 sententiarum
600 3247 648 3300 sal-
735 3254 792 3300 476.
813 3247 940 3302 indomiti
959 3267 1042 3302 reuma
1059 3250 1179 3302 moravi
1201 3269 1234 3310 es¹

119 3338 177 3378 tem
197 3327 290 3380 ordine
311 3337 364 3390 est,
384 3329 453 3397 quod
464 3331 585 3383 severiori
606 3332 646 3384 iu·
704 3334 744 3382 40.
761 3335 803 3382 42.
814 3337 854 3382 43.
865 3336 971 3384 47-22,
981 3336 1022 3383 2⁵.
1031 3336 1072 3386 27.
1082 3338 1189 3386 45-50.
1200 3337 1230 3385 5l

112 3411 169 3463 diei
187 3409 320 3481 displicere
332 3415 416 3480 possit.
701 3419 779 3466 —69.
807 3419 915 3468 74-74.
940 3421 982 3468 77,
1007 3425 1034 3468 et
1057 3417 1131 3467 XXV
1155 3417 1232 3469 MSS.

151 3500 210 3549 462.
227 3496 371 3570 gelidosque
392 3497 521 3548 Molossos
541 3496 651 3550 malebat
701 3498 779 3550 Paris.
793 3497 820 3551 b.
835 3515 858 3548 e.
873 3497 1012 3561 immensi,
1034 3517 1086 3566 quo
1097 3517 1172 3551 sensu
1188 3503 1230 3550 in·

117 3575 250 3647 Scaliger,
267 3578 337 3646 quod
353 3576 436 3632 multo
447 3577 595 3632 concinnius
607 3579 651 3632 vi·
701 3579 800 3630 domita
809 3578 882 3647 prela
897 3577 961 3631 dixit
975 3577 1043 3632 Plio.
1056 3580 1130 3630 XVII
1138 3617 1148 3642 ,
1163 3583 1233 3631 tun

112 3659 228 3712 debatur
238 3658 384 3714 Platbnero.
700 3665 744 3713 44.
767 3661 902 3714 Inmodici
921 3681 1002 3714 senuas
1019 3667 1062 3712 44.
1080 3667 1116 3712 44.
1136 3667 1176 3714 ts.
1193 3667 1232 3714 ⁴6.

155 3749 213 3797 464.
231 3747 470 3795 mercatorum.
487 3747 527 3796 ⁴2.
545 3747 652 3797 ts-27.
704 3749 896 3800 intuente.
906 3752 948 3798 76.
958 3751 998 3797 82.
1016 3753 1041 3796 ei
1058 3747 1083 3796 X
1096 3743 1170 3796 codd.
1188 3747 1233 3796 Pa-

117 3832 230 3880 45-50.
246 3833 652 3881 54—69.74-7t.77.et0mnes
701 3825 746 3878 ris.
760 3844 824 3894 quae
839 3826 914 3879 lectio
927 3827 995 3878 baud
1017 3826 1094 3878 dubie
1106 3845 1137 3878 ex
1149 3826 1231 3878 inier-

113 3909 281 3962 maurane
292 3907 578 3980 undeboereeepieun
588 3909 653 3962 ach.
703 3915 767 3974 pret.
790 3917 854 3959 orla.
882 3906 955 3959 illam
977 3911 1053 3960 certe
1068 3905 1235 3960 librariorum

121 4011 170 4061 pro
186 4011 278 4044 merces
291 3993 361 4044 bueo.
703 3989 807 4060 ingenio
817 3989 922 4054 deberi,
937 3989 993 4058 quis
1009 3988 1057 4042 sibi
1071 3989 1236 4059 persuadeat?

78 4117 82 4124 ,
157 4077 418 4146 tssdmdtagraure
433 4080 469 4128 ιο.
486 4085 525 4127 ts.
540 4081 654 4128 ⁴2⁴5-
739 4079 797 4127 178.
811 4087 834 4126 u
851 4075 932 4143 maior
951 4079 991 4126 ⁴8.
1011 4073 1075 4144 Quis
1092 4075 1178 4125 modu
1194 4086 1236 4125 aa

119 4165 164 4214 48.
186 4165 348 4213 20-24.27.
365 4166 407 4215 45.
421 4165 463 4214 46.
475 4165 617 4215 insons.
627 4169 653 4214 et
702 4159 784 4226 perdor
805 4170 840 4210 est
861 4157 887 4209 in
907 4155 988 4210 literis
1012 4157 1045 4209 ad
1066 4173 1112 4208 me
1137 4157 1236 4228 scriptis

117 4247 171 4297 XX
183 4245 258 4298 MSS.
271 4242 349 4298 Paris.
682 4239 838 4308 ingeniose
866 4237 969 4290 emend.
992 4235 1032 4290 Gi.
1058 4236 1154 4301 Herel,
1175 4237 1234 4290 coll.

157 4332 214 4378 467.
231 4329 257 4378 t'n
274 4345 322 4396 qrta
336 4329 374 4378 45.
704 4325 791 4374 Horat.
812 4321 968 4386 Od.1,24,
984 4331 1007 4374 4.
1032 4321 1233 4388 Quisdest'derr‘o

158 4415 215 4463 474.
228 4411 333 4478 postibus
351 4410 416 4462 ollae
430 4416 470 4466 21.
656 4431 658 4436 ’
703 4409 736 4457 sit
751 4407 832 4475 perdor
845 4421 885 4460 aut
900 4408 1001 4474 modus,
1018 4405 1061 4476 qui
1077 4405 1146 4458 locus
1159 4409 1233 4458 luse-
