3078 5494
538 381 689 442 samaa
727 381 801 443 xv.
1141 391 1232 484 27¹⁴
1284 474 1286 480 Ι

110 581 161 654 Et
178 571 358 656 brevibus
377 575 501 682 pictae
520 579 632 654 remis
653 577 871 654 incumbere
890 594 1019 659 testae,

111 700 190 772 Nec
207 684 370 798 poenam¹
388 693 521 769 sceleri
541 695 732 786 invenies,
751 721 823 770 nec
841 694 956 800 digna
976 699 1127 802 parabis

111 810 309 916 Supplicia
324 811 380 886 his
395 809 562 916 populis,
574 813 614 890 in
630 838 793 913 quorum
806 833 931 896 mente
944 843 1054 920 pares
1069 834 1157 898 sunt
1189 859 1239 910 „0

108 931 159 1002 Et
174 925 311 1020 similes
330 929 387 1000 ira
406 944 521 1029 atque
539 925 666 1002 fames.
701 925 917 1028 Mollissima
935 929 1052 1016 corda

110 1046 286 1122 Humano
303 1045 434 1148 generi
452 1043 543 1118 dare
562 1071 601 1120 se
620 1043 764 1120 Natura
782 1043 948 1138 fatetur,

110 1164 218 1256 Quae
235 1160 421 1240 lacrumas
439 1159 567 1236 dedit:
587 1161 681 1236 haec
699 1165 818 1242 nostri
836 1190 924 1266 pars
938 1166 1078 1269 optimu
1096 1193 1238 1246 sensus.

109 1277 267 1353 Plorare
286 1305 378 1381 ergo
396 1278 504 1354 iubet
519 1304 646 1354 casum
664 1277 824 1382 lugentis
846 1283 954 1362 amici

111 1393 414 1498 squaloremque
434 1398 510 1488 rei,
528 1394 718 1500 pupillum
734 1395 784 1472 ad
805 1399 816 1470 i
905 1415 1102 1511 mantem
1187 1436 1238 1486 tas

110 1513 509 1618 Circumscriptorem,
526 1516 634 1590 cuius
654 1515 844 1590 manantia
862 1511 958 1590 lletu

110 1629 189 1702 Ora
206 1626 397 1732 puellares
416 1629 563 1706 faciunt
582 1631 728 1712 incerta
747 1629 889 1736 capilli,
922 1644 928 1656 “

109 1743 276 1819 Naturae
295 1747 455 1849 imperio
473 1747 675 1850 gemimus,
696 1743 818 1848 quum
834 1746 953 1830 sunus,
969 1745 1120 1828 adultae

109 1862 279 1964 Virginis
298 1864 485 1953 occurrit,
502 1860 565 1939 -vel
583 1879 685 1944 terra
704 1861 897 1940 clauditur
915 1861 1040 1940 infans

111 1979 163 2060 Et
182 1979 306 2054 minor
326 1981 412 2083 igne
430 1981 524 2082 rogi.
542 1981 634 2074 Quis
645 1981 745 2054 enim
762 1979 886 2062 botius
897 1997 934 2056 et
948 1979 1029 2066 face
1043 1979 1180 2081 dignus
1192 2015 1239 2064 ,40

109 2095 277 2184 Arcana,
295 2093 446 2197 qualem
462 2095 609 2170 Cereris
627 2093 710 2188 vult
728 2121 807 2172 esse
828 2093 1030 2185 sacerdos,

112 2206 202 2282 Vlla
220 2207 341 2284 aliena
361 2209 432 2286 sibi
450 2209 581 2286 credat
599 2208 725 2286 mala?
752 2211 912 2316 Separat
928 2211 1001 2286 hoc
1017 2235 1087 2286 nos

115 2329 150 2400 A
169 2351 283 2430 grege
301 2345 510 2419 mutorum,
527 2326 748 2429 atqueideo
766 2326 985 2406 venerabile
1005 2319 1075 2404 soli

116 2443 248 2518 Sortiti
267 2446 483 2546 ingenium,
503 2431 797 2548 divinorumque
817 2469 973 2548 capaces

115 2561 241 2662 Atque
261 2559 482 2636 exercendis
504 2561 775 2666 capiendisque
794 2561 938 2638 artibus
956 2564 1035 2665 apti
1191 2597 1248 2648 us,

116 2676 274 2752 Sensum
292 2705 314 2752 a
330 2675 484 2754 coelesti
502 2675 701 2762 demissum
719 2679 899 2758 traximus
918 2701 1028 2767 arce,

115 2903 243 2976 thrader
263 2901 322 2957 roll.
344 2903 416 2976 virg.
443 2905 510 2972 Aen.
531 2906 576 2970 Vl,
592 2911 652 2961 444,
703 2911 746 2961 46.
769 2905 843 2984 Virg.
865 2907 931 2969 Aen.
956 2905 1025 2970 vm,
1053 2909 1198 2959 scs-ott.
1214 2912 1241 2956 et

116 2988 652 3059 ubiv.Cerdaetllcync.—solidwn74.
703 2991 750 3054 xl,
772 2997 830 3044 474.
863 2989 913 3043 Pro
935 3007 1019 3042 casum
1044 2988 1112 3042 sorte
1130 2987 1239 3059 quidam
1278 3015 1282 3022 ·

114 3072 271 3142 -phasellis
292 3077 334 3126 25.
360 3076 402 3126 27.
417 3079 529 3127 trs-50,
545 3079 585 3126 ⁵5.
611 3079 654 3133 ⁵7.
705 3071 870 3126 librariorum
896 3082 1066 3143 reposuerunt
1091 3091 1190 3124 cauum
1215 3081 1241 3124 et

115 3169 160 3216 ts.
174 3167 265 3216 64.62.
279 3168 318 3215 64.
330 3167 370 3215 66.
386 3167 427 3213 73.
443 3163 477 3215 At
492 3181 516 3213 v.
527 3165 631 3216 Comm.
705 3156 800 3208 dtinde
820 3155 864 3209 alii
882 3167 973 3227 aptum
991 3157 1015 3208 ei
1036 3154 1190 3209 vocabulum
1201 3157 1242 3208 di·

151 3253 210 3300 433.
227 3265 288 3316 pars
307 3246 398 3298 ultima
421 3251 464 3298 84.
481 3265 551 3314 pairs¹
563 3251 653 3303 intima
703 3244 780 3293 ttulit
790 3240 931 3293 commenti
952 3251 1021 3294 sunl·

116 3336 158 3384 st.
179 3347 212 3388 ex
232 3329 362 3382 emendat.
380 3329 495 3382 Britanu.
517 3339 656 3384 ut'sensus
742 3329 798 3376 436.
807 3327 884 3394 flotus
901 3329 942 3376 27.
956 3331 996 3376 47.
1012 3327 1054 3378 50.
1072 3329 1113 3380 54.
1128 3329 1171 3376 64.
1179 3326 1240 3394 fle·

116 3413 163 3466 sit:
178 3413 309 3485 lacrymae
321 3423 398 3480 suot,
419 3429 485 3481 quae
498 3412 655 3466 interiorem
705 3419 757 3459 tum
770 3413 811 3461 44.
826 3405 956 3462 Alterutra
970 3405 1046 3459 lectio
1060 3405 1164 3460 videtur
1177 3424 1238 3476 pro-

116 3515 209 3552 tensos
222 3496 303 3552 nostri
313 3501 412 3567 partem
426 3495 599 3572 pietatemque
613 3516 656 3566 pa·
706 3491 801 3547 banda.
811 3511 836 3546 v.
846 3511 904 3562 sup.
921 3491 955 3544 ad
969 3494 1015 3555 Vl,
1032 3495 1092 3544 623.

116 3579 251 3634 tthciout.
505 3609 512 3614 -
743 3581 801 3630 440.
821 3575 862 3630 Vt
881 3578 964 3628 minor
982 3574 1086 3628 coniicit
1106 3572 1241 3631 Schrader.

152 3667 212 3725 434,
232 3680 317 3714 earum
337 3659 445 3730 digentis
469 3661 545 3712 unrici
571 3667 655 3725 recte,
708 3661 855 3731 -outsace
872 3660 1240 3730 646246365-6974-74.

120 3745 226 3815 opinor,
246 3738 315 3816 conj.¹
334 3745 412 3800 Curio
426 3744 487 3798 coll.
502 3743 574 3814 Virg.
589 3745 656 3797 Aen.
738 3751 800 3816 ,⁴4⁴¹
814 3746 893 3815 qualis
909 3752 948 3798 46.

118 3830 153 3898 ll,
173 3834 217 3882 93.
239 3849 323 3882 annun
348 3828 445 3899 legitur
468 3829 496 3880 in
523 3835 563 3881 46.
581 3835 606 3879 et
622 3821 657 3880 lll
743 3830 804 3878 442.
824 3839 918 3895 separet
937 3826 984 3879 Ιιοσ
1002 3845 1052 3880 nos·
1068 3831 1110 3878 23.
1140 3837 1238 3895 separat

118 3910 195 3965 codd.
214 3912 295 3965 Paris.
316 3913 424 3981 digentis
446 3913 475 3964 lu
492 3917 531 3965 40.
550 3915 591 3964 24.
614 3913 656 3961 22.
707 3907 769 3968 haec
782 3910 903 3974 (natura,
925 3907 1243 3978 velpietaa‚lru1naoitas

122 3995 233 4048 24-27.
249 3997 359 4046 ⁴5-so.
373 3998 482 4047 54-69.
496 3999 537 4046 74.
552 3991 592 4058 (in
603 4005 657 4062 quo
707 4000 734 4050 et
749 3989 938 4056 misericordia)
957 4009 1001 4041 rios
1025 3995 1065 4043 to.
1084 3995 1125 4042 24.
1140 3995 1181 4042 25.
1199 3993 1242 4044 27.

119 4089 207 4132 umen
223 4078 313 4131 vitiose
325 4079 448 4146 mentis.)
461 4082 502 4131 72.
515 4082 614 4130 73.74.
629 4085 656 4128 et
707 4079 831 4128 46-50.
855 4079 976 4126 54-69.
1004 4080 1127 4128 74-73.
1150 4073 1241 4144 probb.

120 4163 171 4216 XV
187 4163 265 4217 MSS.
277 4163 354 4216 Paris.
369 4165 515 4230 Vtrumque
527 4179 597 4213 nnnc
610 4179 653 4212 re-
707 4155 820 4216 Mancia.
833 4165 857 4208 et
871 4157 976 4214 Arcens.

120 4245 176 4316 capt
189 4265 235 4316 pro
247 4245 353 4318 vulgatu
369 4245 427 4299 lect.
436 4264 534 4298 emnam
545 4247 658 4311 dicentis,
743 4247 800 4294 443.
821 4241 849 4294 A
861 4259 940 4312 grege
950 4241 1073 4293 brotonam
1087 4244 1241 4300 t6.-solum

121 4349 186 4400 quae
198 4330 239 4384 vix
252 4331 374 4401 cuiquam
388 4329 506 4400 placebit,
519 4329 568 4382 nisi
581 4333 658 4382 lleiu.
709 4333 751 4384 22.

123 4415 168 4490 qui
189 4435 249 4472 eam
270 4427 358 4472 tuetur
376 4414 437 4485 coll.
459 4417 530 4478 vlu,
546 4419 586 4470 27.
600 4417 659 4479 xli,
747 4417 804 4468 446.
818 4415 931 4465 mnino
942 4429 999 4465 arce
1013 4417 1055 4466 ts.
