3098 5498
340 389 427 485 158
766 428 993 489 iuventtis

255 705 259 715 ,
283 665 291 682 ·
325 632 500 720 ‚Inveniet
516 629 715 730 quisquam
734 623 954 701 sublimius?
979 628 1089 704 Arma
1104 643 1229 704 tamen
1245 656 1310 709 vos

328 750 523 823 Nocturna
541 761 579 818 et
597 742 761 818 flammas
778 741 949 817 domibus
969 743 1192 849 templisque
1211 751 1392 852 parastis,

328 867 380 938 Vt
396 867 638 937 Bracatorum
657 859 766 963 pueri
786 858 1054 962 Senonumque
1073 865 1258 955 minores,

327 981 441 1070 Ausi,
460 976 564 1080 quod
582 975 695 1049 liceat
711 975 838 1048 tunica
865 977 1001 1078 punire
1019 975 1183 1052 molesta.
1391 1014 1441 1066 235

328 1093 403 1168 Sed
420 1091 547 1196 vigilat
565 1089 704 1167 Consul
723 1089 931 1192 vexillaque
958 1109 1080 1166 vestra
1097 1105 1257 1169 coercet.

327 1212 397 1284 Hic
416 1237 535 1286 novus
553 1211 734 1312 Arpinas,
755 1205 929 1308 ignobilis
950 1225 988 1282 et
1006 1209 1117 1284 modo
1135 1213 1272 1286 Romae

326 1325 566 1430 Municipalis
587 1351 723 1428 eques,
745 1323 930 1426 galeatum
948 1327 1056 1429 ponit
1071 1327 1214 1427 ubique

324 1442 554 1518 Praesidium
575 1442 740 1516 attonitis
760 1458 798 1513 es
816 1444 857 1513 in
875 1445 977 1514 omni
995 1458 1106 1543 gente
1124 1441 1281 1520 laborat.

325 1558 488 1632 Tantum
507 1559 623 1659 igitur
639 1581 766 1630 muros
786 1558 886 1629 intra
905 1573 991 1657 toga
1007 1556 1167 1631 contulit
1185 1559 1240 1633 illi
1265 1611 1269 1616 -
1385 1595 1435 1646 240

324 1674 491 1748 Nominis
512 1690 549 1745 et
566 1669 684 1762 tituli,
704 1689 888 1774 quantum
909 1697 987 1748 uon
1005 1673 1199 1765 Leucade,
1224 1691 1409 1780 quantum

324 1787 534 1864 Thessaliae
556 1790 692 1892 campis
713 1789 886 1862 Octavius
908 1786 1061 1861 abstulit
1079 1788 1156 1863 udo
1309 1857 1327 1894 ὁ

323 1903 506 1979 Caedibus
526 1903 680 1978 assiduis
697 1902 833 2005 gladio.
862 1902 936 1976 Sed
955 1907 1073 1978 Roma
1092 1891 1310 2008 parentem,

251 2034 255 2048 '
321 2022 438 2095 Roma
458 2037 602 2123 patrem
622 2027 765 2121 patriae
786 2020 1005 2118 Ciceronem
1021 2017 1140 2093 libera
1162 2021 1264 2095 dixit.

371 2137 530 2237 Arpinas
551 2133 644 2208 alius
663 2131 888 2207 Volscorum
909 2138 948 2207 in
966 2152 1093 2208 monte
1110 2133 1253 2210 solebat
1382 2172 1428 2222 μς

320 2252 479 2324 Poscere
497 2248 688 2323 mercedes
708 2246 830 2321 alieno
849 2247 964 2324 lassus
980 2267 1104 2322 aratro
1115 2279 1125 2340 ;

321 2366 506 2442 Nodosam
527 2382 612 2470 post
626 2366 717 2438 haec
731 2363 929 2468 frangebat
948 2367 1089 2444 vertice
1106 2352 1229 2457 vitem,

320 2484 360 2556 Si
379 2481 503 2558 lentus
527 2487 635 2586 pigra
655 2485 820 2556 muniret
838 2498 959 2556 castra
977 2480 1146 2555 dolabra.

321 2599 391 2672 Hic
408 2615 532 2673 tamen
551 2616 588 2671 et
606 2599 773 2673 Cimbros
792 2613 830 2670 et
847 2623 987 2674 summa
1013 2595 1182 2700 pericula
1200 2622 1328 2670 rerum

321 2716 490 2817 Excipit,
507 2729 545 2787 et
563 2711 661 2788 solus
682 2713 932 2816 trepidantem
952 2717 1116 2815 protegit
1133 2709 1284 2786 Vrbem.
1381 2747 1430 2796 250

319 2832 443 2934 Atque
462 2827 570 2918 ide0,
597 2844 796 2931 postquam
815 2827 863 2901 ad
879 2826 1048 2900 Cimbros
1068 2845 1305 2930 stragemque
1325 2825 1428 2904 vola·
1529 2827 1530 2834 ’

319 2948 392 3039 Qui
404 2972 606 3046 numquam
619 2941 1289 3046 attigerantmaioracadavera,corvi,
1307 2944 1429 3046 (bant,
1529 2943 1530 2952 ’

317 3058 461 3135 Nobilis
481 3075 639 3132 ornatur
658 3055 768 3132 lauro
785 3055 930 3158 collega
948 3056 1123 3133 secunda.

367 3173 540 3248 Plebeiae
558 3176 759 3249 Deciorum
780 3175 936 3263 animae,
956 3171 1104 3276 plebeia
1119 3171 1278 3246 fuerunt
1529 3263 1530 3266 Ἴ

317 3289 496 3364 Nomina:
523 3317 594 3393 pro
611 3292 697 3364 totis
717 3287 927 3390 legionibus
947 3289 986 3361 hi
1008 3305 1131 3362 tamen
1152 3305 1190 3361 et
1207 3315 1279 3391 pro
1383 3323 1428 3373 2⁵⁵
1529 3309 1530 3404 l

316 3404 496 3477 Omnibus
515 3401 659 3477 auxiliis
682 3419 795 3505 atque
813 3405 914 3475 omni
934 3401 1036 3504 pube
1054 3403 1188 3476 Latina
1529 3429 1530 3464 .

349 3608 406 3656 232.
424 3601 538 3654 Iuventas
552 3607 591 3653 44.
895 3598 1021 3652 coniurati
1044 3609 1070 3652 et
1093 3597 1246 3670 Allobroges
1276 3597 1429 3669 deprehensi
1528 3473 1530 3594 i

349 3705 406 3752 233.
420 3699 559 3766 flammam
576 3699 674 3767 templis
690 3662 844 3768 dentibusque
896 3693 964 3738 ml·
975 3719 992 3749 n

316 3774 480 3854 tt-parau's
492 3789 533 3836 22.
928 3772 987 3822 240.
1004 3769 1067 3818 taur
1083 3771 1124 3820 26.

348 3886 406 3933 aas.
419 3881 503 3932 aaa
516 3899 562 3950 pro
574 3880 648 3934 urea
663 3883 703 3934 aa.
926 3857 984 3904 ²⁴¹·
1005 3871 1035 3903 00
1051 3869 1099 3922 pro
1124 3863 1148 3903 et
1166 3855 1208 3904 η.
1226 3855 1336 3934 ss-ap.
1357 3856 1428 3906 ss-

896 3953 940 3986 nea
957 3934 988 3987 L.
1003 3939 1045 3987 24.

347 3980 555 4030 ²³⁶·1w2ra2l·
641 4035 643 4040 ,
927 4019 1079 4070 asumma
1095 4021 1187 4070 sari.
1203 4021 1244 4069 aa.
1258 4020 1302 4072 aa.

348 4095 405 4143 239.
422 4096 449 4143 in
471 4109 540 4144 omne
560 4103 642 4145 monte
665 4101 687 4146 4.
709 4097 749 4147 75.
769 4093 841 4162 prob.
928 4105 985 4151 245.
1002 4104 1028 4151 its
1041 4099 1138 4153 abessa
1154 4105 1198 4154 20.

315 4155 406 4240 Rigalt.
422 4175 503 4225 Vetus
516 4173 632 4227 scholion
647 4184 699 4227 est:
722 4181 742 4207 “
749 4188 841 4239 manu,
927 4189 985 4236 247.
995 4185 1101 4254 posthac
1115 4190 1156 4237 45.
1171 4189 1214 4239 24.

315 4256 374 4318 quia
394 4256 420 4305 in
434 4257 565 4309 montibus
581 4257 681 4310 condita
700 4267 738 4310 est
751 4261 841 4312 Roma.
926 4269 984 4317 256.
1000 4263 1071 4334 pleds
1084 4265 1201 4334 propsdae
1218 4271 1256 4318 tt.
1271 4273 1311 4321 47.
1328 4269 1370 4320 20.
1385 4271 1426 4320 24.
1528 4277 1529 4290 ’

315 4333 419 4402 Legitur
442 4348 469 4390 et
495 4341 522 4391 iu
547 4345 615 4393 onusr'
636 4353 724 4412 ponte,
740 4351 844 4411 propter
894 4349 937 4400 22.
952 4343 991 4398 24.Ι
1008 4353 1049 4400 25.
1073 4351 1114 4400 27.
1135 4353 1176 4403 29.
1198 4355 1307 4408 46-40.
1323 4353 1364 4406 50.
1386 4355 1426 4404 54.

315 4415 442 4472 lrlolsiuns
460 4421 632 4492 (Militum),
657 4423 700 4480 ubl
720 4423 841 4477 Catilinae
894 4435 933 4485 58.
948 4437 1056 4487 ot-ss.
1071 4439 1182 4492 74-24.
