3120 5494
613 406 763 468 sirint
800 411 828 466 1.
1000 445 1022 496 3
1106 389 1111 398 '
1199 379 1293 474 363

175 603 300 678 Arme
317 609 587 693 uirumnonne
600 604 674 682 hoe
693 631 910 711 spumosum
928 624 967 682 et
985 579 1127 690 eunice
1142 613 1294 717 pingui?

174 721 225 792 Vt
240 718 378 794 ramale
395 738 501 797 vetus
520 727 748 827 praegrandi
762 727 898 802 subere
918 745 1079 835 coctum.

172 945 282 998 Etiamsi
293 946 420 1012 rationem
437 948 579 1004 doctissimi
595 953 646 1006 viri
659 953 708 1006 mi·
724 1010 726 1018 ,
760 953 812 1008 ruit
827 953 959 1022 (lurensi.
972 957 1019 1020 ΧΙ,
1040 961 1088 1012 478
1102 975 1156 1033 seq.
1166 961 1194 1026 ),
1208 977 1290 1032 neque

172 1046 221 1080 nus
245 1027 354 1098 probes,
371 1031 475 1104 ingenio
492 1043 580 1092 tamma
602 1038 659 1088 eius
680 1047 707 1089 et
759 1035 792 1087 de
808 1047 924 1102 tumore,
939 1055 1017 1107 quem
1037 1035 1102 1092 illud
1119 1041 1228 1092 verbum
1251 1043 1291 1094 in-

171 1111 285 1164 aeumini
302 1113 420 1166 meritam
437 1114 541 1169 laudem
559 1137 611 1172 non
629 1139 705 1191 nega·
758 1119 844 1172 dicare
867 1119 989 1186 ridetur,
1001 1121 1046 1174 sed
1064 1121 1098 1176 de
1109 1123 1244 1188 scabritie,
1259 1127 1291 1177 ed

170 1194 218 1248 bis.
228 1197 326 1248 Verum
344 1195 392 1249 hoc
409 1200 531 1272 cuiquam
545 1201 587 1256 vis
602 1223 706 1274 peruua-
758 1222 836 1273 cruam
853 1203 1046 1274 exprimendam
1063 1225 1204 1276 spumosum
1218 1207 1293 1278 plane

169 1278 254 1340 debit,
278 1294 372 1334 eostam
394 1281 473 1354 vulgo
492 1283 524 1339 de
539 1305 705 1360 quocumque
758 1289 875 1360 ineptum
899 1290 1007 1346 videtur.
1026 1292 1055 1346 si
1076 1293 1238 1348 coniecturae
1252 1291 1291 1348 lo·

169 1381 258 1416 rerum
284 1361 364 1416 latere
384 1363 454 1432 dici5
480 1369 582 1424 Persius
598 1370 706 1440 quidem
757 1369 1055 1438 eruconcederetur,sie
1069 1369 1290 1444 legerem:Arme

166 1451 234 1516 (Sat.
247 1451 292 1510 vl.
305 1453 361 1518 ³⁴.)
376 1469 436 1504 curu
448 1450 549 1508 delectu
562 1456 611 1508 laoc
625 1457 705 1524 verbo
757 1452 881 1521 “5¹¹⁴qu
899 1451 946 1503 ll⁰⁰
964 1471 1014 1504 '¹⁰¹²
1031 1472 1148 1524 f¹⁸3⁰⁸wt²
1161 1467 1185 1506 0²
1201 1455 1292 1505 0⁰¹¹&

59 1531 65 1540 '
169 1549 231 1586 usus
256 1542 304 1595 est,
321 1531 443 1586 audacius
468 1536 556 1606 paullo
579 1537 705 1612 Virgilius
753 1537 863 1606 pingui?
886 1532 918 1590 V
914 1547 925 1586 t
947 1535 1044 1588 ramale
1060 1549 1124 1590 vetus
1148 1535 1181 1589 de
1197 1537 1292 1608 grandi

168 1617 515 1686 (Aen.VlIl‚·163.)eostus
531 1624 589 1674 uerri
605 1625 701 1692 posuit:
755 1620 838 1670 rudere
854 1632 956 1672 euenum
974 1620 1096 1674 Obcurrit
1110 1635 1195 1674 cortex
1211 1643 1289 1692 m5m·

166 1710 195 1752 et
218 1711 313 1754 nostum
338 1700 469 1754 subducere
494 1702 624 1772 Apennini
651 1725 703 1777 pro
754 1722 795 1756 sus
807 1701 873 1772 apud
886 1703 964 1756 Ovid.
978 1703 1084 1758 Heroid.
1099 1705 1133 1770 V,
1146 1709 1188 1759 28.
1206 1705 1289 1759 Priori

166 1792 269 1854 partem
301 1785 440 1854 Apennini*
462 1792 703 1860 praeternavigare,
756 1795 973 1856 versucompnrat
990 1784 1034 1837 itte
1048 1788 1150 1856 ineptus
1167 1805 1229 1840 sune
1246 1807 1289 1840 ae·
1327 1799 1329 1806 '

165 1869 231 1924 sdeo
244 1870 341 1927 durum
356 1872 421 1928 milri
436 1873 703 1946 uideturetimolem‚
754 1870 813 1922 latis
826 1887 914 1922 versus
926 1887 987 1922 eum
998 1870 1160 1942 virgilianis,
1172 1872 1285 1941 quaerit·

166 1965 197 2010 ut
210 1975 369 2027 quamquam
386 1977 513 2032 umquam
525 1960 591 2014 hauc
604 1961 700 2018 dicito.
753 1970 814 2022 que,
835 1971 922 2006 annon
936 1953 1040 2026 virgitii
1058 1974 1148 2008 versus
1165 1951 1290 2010 horridioss

164 2056 226 2094 nem
241 2043 427 2111 usurpem&
440 2043 697 2100 credidemcm.
753 2055 794 2106 res
817 2039 870 2092 sint
891 2048 917 2092 et
938 2038 1086 2110 asperiores.
1116 2039 1287 2106 scabritiem,

165 2140 227 2174 rum
241 2123 503 2180 animadvertendum
518 2135 565 2190 ρει,
577 2128 701 2183 Nom-um
752 2138 830 2188 quam
845 2119 897 2174 illis
911 2121 1010 2186 tribuli,
1023 2121 1192 2178 similitudine
1206 2125 1287 2196 expri-

163 2202 191 2256 iu
218 2207 260 2260 his
282 2207 397 2262 versibus
421 2221 465 2264 auc
493 2227 616 2264 versuum
644 2212 701 2264 sm.
752 2205 803 2258 mit
815 2205 848 2258 ab
862 2205 953 2258 arbore
965 2207 1187 2277 desunipta,euius
1198 2219 1288 2262 cortex

162 2291 500 2364 gnuntisexemplumdsre
510 2293 621 2348 voluisse
633 2293 701 2350 clau·
752 2309 861 2362 rugosus
882 2300 920 2342 est
933 2301 958 2343 et
971 2291 1071 2364 pinguis
1093 2291 1116 2343 i·
1131 2309 1155 2346 e.
1175 2310 1286 2346 massus.

160 2376 276 2432 aulanam
291 2375 419 2431 mollitum
429 2377 539 2448 Quintil.
555 2377 636 2432 instit.
649 2380 695 2443 tx,
752 2375 877 2444 Sequenti
911 2393 988 2428 versu
1015 2375 1108 2428 Noster
1133 2373 1175 2428 isti
1199 2378 1288 2446 inepto

162 2469 188 2514 4.
211 2461 258 2514 Est
275 2465 302 2512 in
318 2479 347 2514 eu
369 2480 463 2532 quoque
485 2464 616 2528 norenilril,
632 2464 700 2534 quud
751 2458 825 2528 quusi
860 2457 957 2511 adeinit
992 2459 1083 2510 endem
1113 2457 1287 2510 similitudine

161 2546 203 2602 tie
215 2550 226 2614 (
237 2546 264 2600 in
278 2546 402 2615 exemplis
415 2547 448 2598 ab
460 2563 490 2598 eo
504 2544 597 2598 adlatis
611 2551 623 2616 )
641 2553 692 2600 sin·
750 2551 827 2595 utens
835 2540 898 2594 etad
906 2541 1047 2614 augendam
1062 2542 1160 2594 nonies
1174 2542 1228 2594 vim
1237 2543 1288 2596 sin·

161 2632 229 2700 gulis
248 2632 325 2684 verbis
348 2631 401 2682 diui
419 2630 495 2697 pedes
518 2632 694 2696 eonnectitur,
749 2626 811 2698 gulo
832 2645 996 2698 exaggerans.
1005 2629 1054 2680 Pro
1074 2625 1184 2696 simplici
1197 2630 1286 2680 cortine

159 2713 225 2784 prod
246 2717 322 2766 uim
338 2717 365 2764 in
383 2713 531 2766 mnrium
550 2714 697 2783 pennolle:
748 2731 841 2782 nsgoso
858 2725 881 2763 et
893 2714 981 2782 pingui
1000 2711 1112 2766 adsumit
1127 2715 1224 2764 ramale
1237 2731 1282 2764 ve·

159 2797 296 2850 moseum
314 2797 355 2858 udi
368 2797 581 2867 quinnesslladue
593 2812 693 2852 neotus·
748 2806 786 2848 tus
805 2795 837 2846 de
854 2797 948 2866 grandi
967 2795 1166 2860 subere-Suber,
1183 2795 1285 2865 pellic,

162 2891 218 2942 sur,
230 2893 256 2932 ut
268 2884 296 2932 in
308 2879 361 2943 liis,
379 2880 528 2932 Fortissima
543 2880 696 2951 Tyritaridu·
747 2877 888 2944 lrorlidaum,
904 2878 1115 2950 pantoffclbawn,
1131 2879 1285 2933 describitur

160 2983 233 3016 rann:
255 2964 299 3018 sed
318 2965 447 3016 cuunradi
458 2977 607 3034 quaternae,
622 2983 696 3036 qraam
747 2963 843 3016 aPlin.
860 2965 928 3016 XVI.
943 2976 1005 3019 sect.
1025 2972 1088 3018 tua
1109 2963 1282 3034 Theophr.ii.

160 3065 240 3100 vernn
259 3049 368 3102 &dieu
389 3049 539 3118 Amnon,
556 3051 691 3106 etArma·
748 3046 786 3104 Pl.
806 3047 1102 3112 u1,i6.ubiv.u0us
1123 3050 1143 3102 1.
1153 3047 1248 3101 Budnei
1269 3066 1284 3098 a

161 3135 266 3195 mm,
280 3144 304 3184 et
324 3129 431 3186 Orione.
747 3129 843 3202 stapel.
857 3127 904 3184 illa
924 3132 1001 3186 arbor
1012 3131 1087 3186 habet
1100 3143 1201 3204 prneter
1217 3131 1283 3185 inte·

196 3220 237 3270 96.
251 3215 508 3281 97.Nunedenn1m,
521 3219 566 3281 nil,
581 3217 697 3273 carmina
748 3216 846 3268 riurein
863 3226 889 3270 et
911 3216 1057 3270 tenuiorem
1081 3217 1159 3269 etiarn
1177 3214 1284 3268 exterio·

160 3297 238 3354 molli
254 3318 366 3354 numero
379 3302 461 3354 liuere
472 3303 519 3368 (cs.
533 3321 608 3372 supn
621 3323 647 3358 s.
660 3311 694 3358 63
747 3317 804 3354 rem
821 3309 846 3352 et
863 3301 1012 3353 crassiorem
1027 3300 1165 3363 corticem,
1180 3301 1227 3370 qui
1241 3319 1284 3354 ex·

161 3403 215 3452 seq.
224 3387 254 3450 ),
269 3396 419 3454 veteresque
432 3389 519 3455 poitas
535 3387 696 3442 iniunctum
748 3383 828 3440 terior
846 3383 922 3439 certis
939 3383 1098 3456 temporibus
1111 3382 1284 3438 detrahendus

162 3467 308 3522 adhibenda
327 3466 527 3539 negligentiores
548 3469 636 3524 luisse.
657 3471 696 3524 Ad
749 3481 796 3524 est.
819 3469 894 3538 Quod
915 3468 943 3522 ni
956 3471 995 3534 fit,
1012 3478 1103 3538 sponte
1118 3465 1226 3522 dehiscit
1237 3485 1282 3520 ex·

161 3569 219 3606 rsus
245 3571 321 3623 supra
338 3571 447 3606 omnem
471 3554 577 3607 modum
595 3575 693 3626 sugen-
750 3553 830 3606 terior
843 3564 929 3607 cortex
942 3554 994 3606 iarn
1008 3570 1094 3624 perse
1107 3551 1285 3606 seabrnrimo-

161 3632 223 3686 dam
243 3651 291 3704 pro
307 3635 439 3688 veteribus
450 3636 531 3705 poitis
543 3637 617 3706 ponit
630 3639 695 3690 Vir·
746 3657 826 3706 saque
847 3638 999 3710 superficie,
1018 3648 1044 3692 et
1058 3637 1085 3690 in
1102 3637 1285 3708 fragmentase

163 3715 272 3786 gilium,
297 3717 421 3772 artilieem
440 3718 468 3770 in
487 3737 608 3774 uersuum
625 3733 693 3774 stne·
746 3734 853 3792 separat,
865 3723 933 3776 unde
946 3722 1093 3794 superficies
1105 3719 1205 3787 arboris
1216 3719 1279 3772 hor·

163 3812 392 3866 clarissumarum,
411 3804 452 3856 eui
472 3815 558 3860 tamen
575 3823 698 3860 censurae
747 3808 830 3862 ridior
851 3807 929 3860 etism
952 3818 977 3860 et
996 3809 1112 3878 rugosior
1124 3809 1167 3860 liat
1179 3825 1283 3862 necesse

162 3883 231 3938 livor
250 3903 302 3940 nnn
322 3887 442 3956 pepercit.
461 3885 538 3940 Ouid.
564 3892 638 3942 Rem.
664 3893 698 3945 A,
748 3903 794 3945 est.
817 3893 904 3944 Posuit
925 3892 1004 3962 igitur
1019 3891 1112 3944 Noster
1125 3909 1230 3942 ramum
1241 3909 1284 3944 ve·
1310 3891 1315 3902 '

163 3975 210 4026 367
237 3989 293 4042 seq.
310 3971 449 4044 Virgilium
469 3973 555 4042 ipsum
576 3975 698 4043 expressit
752 3985 849 4030 turtum
866 3974 972 4045 grandis
984 3973 1090 4038 suberis,
1107 3975 1200 4027 cortice
1213 3976 1285 4028 statis

162 4072 209 4122 per
222 4073 252 4106 ea
267 4055 344 4108 verba
353 4093 361 4120 ,
379 4056 473 4124 quibus
487 4058 636 4112 Aeneadum
651 4057 697 4112 ille
749 4071 862 4131 tempori
881 4078 912 4112 ns
928 4060 1058 4114 demendo
1078 4078 1131 4112 non
1143 4058 1224 4124 culti,
1238 4059 1284 4112 secl

163 4137 306 4206 auspicatus
325 4149 373 4192 est.
386 4143 439 4200 liae
455 4141 555 4196 ratione
574 4142 699 4214 Virgilius
750 4155 874 4198 vetustate
898 4145 957 4210 iam
972 4147 1101 4210 emortui,
1114 4144 1224 4214 solisque
1237 4163 1283 4196 ur·-

163 4221 342 4293 designatura
362 4224 487 4295 plui-ilius.
550 4247 697 4296 spumosrmr.
750 4227 977 4294 rioribus'siecati,
1001 4225 1132 4282 hoceniru
1147 4231 1283 4282 ooctumsi·

164 4309 211 4358 De,
226 4307 385 4362 sublimium
403 4309 444 4364 hic
462 4311 502 4382 agi
521 4331 575 4366 non
600 4325 697 4382 potest,
750 4313 853 4384 gniticat
876 4311 1025 4384 (civirgil.
1043 4313 1110 4367 Aen.
1126 4315 1171 4382 xi,
1189 4318 1283 4382 sut),

163 4407 323 4460 quamquam
336 4391 463 4464 Virgilius
479 4412 508 4448 es
523 4393 600 4448 laude
615 4395 694 4450 incla-
750 4407 826 4466 atque
846 4395 894 4452 hae
914 4396 1085 4454 similitudine
1102 4395 1175 4454 illua
1198 4399 1283 4468 ridet,
