3098 5498
523 437 675 496 SATle
710 440 798 498 vm.

99 635 282 720 Fumosos
300 631 481 733 Equitum
500 653 586 706 cum
605 634 795 710 Dictatore
812 639 1026 740 magistros,

100 751 140 822 Si
158 774 283 824 coram
297 744 448 850 Lepidis
468 744 563 820 male
582 750 747 825 vivitur?
773 753 919 854 Effigies
936 781 1015 857 quo

100 863 177 937 Tot
193 858 442 950 bellatorum,
461 863 491 934 si
510 859 656 937 luditur
675 863 755 938 alea
775 892 921 967 pernox
1186 915 1217 965 ,0

99 981 200 1052 Ante
216 977 494 1052 Numantinos?
522 979 552 1050 si
570 973 735 1052 dormire
754 982 889 1086 incipis
908 1000 997 1058 orto

96 1095 290 1183 Luciferi,
308 1119 385 1193 quo
403 1094 507 1194 signa
527 1092 641 1168 duces
661 1111 699 1167 et
717 1112 838 1170 castra
856 1098 1084 1178 movebant?

97 1215 177 1286 Cur
194 1208 443 1312 Allobrogicis
462 1226 500 1284 et
519 1237 650 1310 magna
670 1208 831 1312 gaudeat
849 1240 913 1288 ara
1015 1291 1019 1299 ,

96 1329 217 1402 Natus
230 1329 271 1400 in
287 1323 477 1401 Herculeo
496 1323 632 1400 Fabius
649 1323 750 1416 lare,
769 1329 799 1402 si
818 1329 998 1432 cupidus,
1016 1336 1046 1407 si

97 1445 230 1517 Vanus
250 1459 288 1516 et
306 1444 485 1544 Euganea
505 1445 744 1543 quantumvis
763 1441 914 1520 mollior
932 1473 1050 1547 agna;
1183 1490 1215 1538 ,5

99 1559 138 1632 Si
155 1577 330 1632 tenerum
346 1559 493 1630 attritus
510 1559 698 1632 Catinensi
718 1561 867 1660 pumice
885 1558 1057 1636 lumbum

98 1671 324 1777 Squalentes
340 1669 506 1747 traducit
526 1698 633 1761 avos,
652 1689 849 1774 emtorque
870 1679 1006 1750 veneni

98 1786 324 1889 Frangenda
340 1787 509 1860 miseram
529 1784 695 1860 funestat
714 1787 873 1888 imagine
893 1791 1070 1888 gentem?

99 1907 195 1980 Tota
216 1901 307 1975 licet
325 1917 468 1976 veteres
487 1918 672 1976 exornent
691 1899 859 2002 undique
879 1927 987 1976 cerae
1214 1987 1216 1993 ,

99 2022 226 2107 Atria,
244 2013 419 2090 nobilitas
440 2013 518 2091 sola
537 2033 594 2090 est
614 2034 727 2118 atque
746 2019 859 2090 unica
877 2018 1005 2095 virtus.
1183 2053 1216 2104 20

99 2131 240 2210 Paulus
260 2129 319 2208 vel
338 2132 469 2206 Cossus
488 2129 546 2206 vel
566 2133 708 2206 Drusus
729 2131 895 2206 moribus
914 2149 1014 2207 esto:

101 2251 179 2324 Hos
196 2263 283 2322 ante
304 2248 440 2348 effigies
456 2249 637 2322 maiorum
654 2272 755 2351 pone
776 2253 949 2323 tuorum:

99 2363 336 2440 Praecedant
354 2364 453 2468 ipsas
471 2362 528 2438 illi
548 2381 584 2438 te
602 2362 765 2440 Consule
781 2365 913 2466 virgas.

101 2544 141 2610 1.,
155 2563 189 2596 ne
200 2543 281 2596 dcam
293 2547 429 2614 ineptum3
442 2552 573 2614 praeterea
590 2562 637 2614 pro
686 2548 727 2596 76.
746 2549 772 2594 et
793 2539 849 2594 cod.
865 2540 921 2592 Put.
941 2537 1054 2608 producit
1068 2541 1090 2589 2.
1104 2541 1127 2588 5.
1141 2545 1155 2590 7
1161 2576 1167 2588 .
1184 2541 1212 2588 444

99 2632 259 2698 cominges-e,
276 2627 344 2697 quod
365 2647 419 2680 non
432 2627 480 2679 nisi
499 2626 527 2680 in
544 2636 565 2678 4.
588 2646 632 2680 ex·
687 2631 727 2676 44.
742 2629 849 2677 46-49.
869 2627 976 2674 23-26.
999 2626 1039 2673 29.
1062 2625 1105 2672 45.
1119 2625 1159 2672 46.
1175 2625 1216 2672 48.

98 2722 151 2764 stat
172 2721 198 2764 et
216 2709 327 2780 glossam
349 2709 461 2776 redolet,
486 2711 514 2762 in
530 2707 636 2780 reliquis
685 2714 728 2762 49.
748 2712 854 2760 55-66.
879 2713 919 2759 65.
938 2713 979 2759 77.
1001 2715 1026 2757 et
1044 2701 1120 2756 codd.
1139 2703 1218 2754 Paris.

99 2795 175 2848 libris
193 2793 289 2864 legitur
300 2795 434 2857 deducere,
452 2812 480 2844 ex
494 2812 546 2862 quo
560 2811 633 2844 com·
686 2793 741 2844 sere
765 2809 864 2842 omnes.
890 2791 1003 2858 perducit
1029 2793 1070 2838 42.
1096 2787 1219 2856 producat

100 2879 210 2932 modam
221 2877 287 2930 haud
299 2877 372 2929 facile
382 2876 636 2942 eliciessententiarm
688 2881 728 2928 45.
743 2879 784 2926 20.
800 2879 840 2926 24.
854 2877 898 2925 22.

100 2964 218 3034 denique
239 2963 288 3016 hoc
303 2979 380 3015 versu
394 2960 479 3014 deleto
498 2961 563 3014 nibil
580 2971 618 3015 est
625 3000 635 3025 ,
722 2961 761 3008 48.
774 2955 881 3008 ostendit
897 2973 942 3022 pro
947 2955 1062 3025 funestat
1076 2957 1118 3004 24.

98 3049 172 3118 quod
186 3047 348 3100 desideretur
359 3045 399 3100 rel
412 3066 459 3100 nos
471 3045 590 3099 offendat.
722 3046 762 3095 20.
778 3053 814 3092 est
827 3041 882 3090 sola
893 3043 935 3091 27.
949 3043 989 3091 46.
1007 3044 1049 3090 47.
1065 3041 1106 3088 444.
1122 3038 1162 3085 54.
1177 3039 1218 3086 60.

135 3139 161 3186 6.
184 3133 305 3184 anonis
326 3137 366 3184 24.
393 3132 513 3182 Furiosoe
527 3135 634 3184 40-43,
689 3129 728 3175 65.
741 3121 816 3192 prob.
831 3119 977 3181 Maittario,
996 3128 1026 3169 ut
1045 3115 1110 3168 nibil
1121 3114 1219 3167 duabus

100 3221 215 3270 45-23.
230 3219 273 3269 25,
291 3219 330 3269 27.
351 3219 391 3268 28.
405 3203 513 3266 45-l9‚
531 3217 637 3266 54-60,
687 3205 795 3258 vocibus
807 3205 863 3256 sola
879 3214 905 3256 et
920 3205 993 3255 unica
1010 3199 1110 3253 intersit
1121 3207 1220 3270 praeter

97 3306 144 3353 65.
166 3308 192 3350 et
210 3297 327 3367 plerique
341 3296 416 3349 codd.
435 3297 511 3349 Paris.
534 3295 634 3348 blanci·
687 3287 814 3357 copulam·
885 3351 888 3356 Ι

98 3380 189 3434 uellus
215 3379 319 3450 exponit
346 3377 471 3445 illustres,
501 3378 638 3430 Ascensius
721 3365 1009 3420 ispanniacum
1027 3378 1051 3416 et
1068 3365 1219 3416 Dr‘usustl.

99 3463 229 3534 gloriosos
248 3474 274 3515 et
287 3461 400 3531 optimae
417 3462 514 3525 ismae,
530 3460 638 3528 pessime
687 3463 730 3502 aut
744 3448 831 3502 0044444
839 3486 849 3512 ,
863 3459 905 3499 aut
918 3449 1013 3500 Densus
1030 3453 1067 3499 47.
1082 3453 1220 3509 utrumque

97 3545 255 3599 Calderinus
272 3545 391 3597 infames.
409 3544 461 3596 Sed
479 3543 582 3615 vulgata
597 3543 635 3595 le·
688 3543 776 3585 44414441
790 3541 913 3582 1114441411·
929 3529 969 3580 1114
985 3527 1090 3592 Dttttttt,
1106 3523 1222 3577 11140014

97 3629 158 3683 etto
168 3626 247 3698 longe
261 3626 364 3679 melior.
485 3687 490 3698 Ι
687 3637 726 3670 uss
740 3615 933 3670 so-morttns
946 3632 971 3664 es
988 3627 1014 3663 ta
1027 3611 1068 3679 (h.
1081 3628 1104 3661 e.
1116 3610 1138 3660 si
1151 3616 1180 3659 tu
1194 3625 1220 3658 es

86 3721 91 3734 ·
137 3711 506 3764 tt.Antemstutinor-ortus
522 3714 549 3760 24
574 3703 638 3761 a'm·
690 3693 1222 3766 moribasPauluscet.)legendumputa·

98 3812 142 3866 pr.
164 3799 206 3847 26.
231 3792 347 3847 etmulti
364 3792 439 3846 codd.
453 3791 638 3844 Pariaadver·
690 3785 733 3838 bat
746 3789 778 3836 H.
793 3782 878 3836 Vales.

98 3887 177 3930 eante
184 3885 277 3928 metro.
290 3877 358 3928 Ante
371 3875 640 3928 Numantinos-ortus
724 3873 764 3921 23.
783 3866 925 3918 Procedant
938 3869 979 3917 27.
995 3867 1035 3914 46.
1050 3864 1140 3913 ttae.
1151 3857 1223 3926 quod

100 3965 148 4012 42.
165 3961 274 4009 45-25,
288 3962 330 4011 27.
343 3961 451 4008 45-49.
471 3961 576 4008 55-59.
598 3961 639 4006 64.
691 3947 760 4001 abh.
775 3946 793 3998 l.
807 3945 921 3998 alienum
939 3951 976 3995 est
986 3983 994 4008 ,
1014 3939 1061 3992 etsi
1073 3938 1106 3990 de
1122 3937 1223 3991 solenni

99 4047 147 4096 62.
166 4049 209 4094 63.
219 4047 259 4094 65.
275 4047 366 4094 6667.
382 4047 473 4094 tnta.
489 4049 514 4091 et
527 4038 640 4107 plerique
692 4028 836 4083 Consulum
865 4043 956 4096 pompa
986 4023 1138 4100 adhibetur,
1173 4039 1225 4092 qut

99 4123 183 4179 codd.
198 4123 276 4177 Paris.
295 4123 384 4193 probb.
394 4121 471 4175 Vella
486 4131 512 4174 et
528 4119 640 4174 Manain.
678 4109 681 4116 ¹
694 4116 780 4188 primo
793 4113 851 4166 initi
871 4111 1035 4181 magistratus
1055 4107 1097 4158 die
1111 4125 1140 4157 ex
1154 4104 1224 4157 aedi·

101 4221 162 4262 ortu
185 4213 225 4262 68.
244 4213 286 4260 69.
302 4205 347 4258 sed
370 4217 465 4275 puncto
478 4216 534 4276 post
547 4223 642 4276 pernox
693 4200 741 4252 bus
751 4196 803 4250 suis
818 4195 844 4247 in
854 4191 1008 4262 Capitolium
1022 4187 1224 4254 deducebantur;

1 4327 2 4338 4
100 4291 209 4363 posito,
222 4307 274 4341 non
286 4299 343 4359 post
360 4289 536 4342 Nnrnmninos.
693 4281 763 4334 unde
780 4289 806 4332 et
823 4279 903 4330 dictae
921 4275 1094 4346 processiones
1105 4268 1226 4323 Catholi-

142 4379 186 4425 44.
196 4371 298 4442 trepidus
308 4376 342 4422 sit
360 4379 400 4426 46.
416 4377 456 4425 27.
470 4377 499 4424 47
505 4411 510 4421 .
694 4381 785 4417 corum
803 4357 1015 4414 Romanensium.
1037 4355 1077 4407 Cf.
1089 4351 1189 4423 sup-sd
1204 4353 1214 4401 Ι
1215 4388 1225 4414 ,

145 4457 305 4511 ⁴7.tradooit
325 4466 347 4508 4.
362 4463 402 4514 44.
418 4465 457 4512 45.
471 4459 562 4509 4250.
577 4460 642 4508 64-
696 4457 736 4502 39.
751 4452 778 4504 in
792 4451 894 4501 Comm.
982 4445 1000 4482 ⁰

213 4553 293 4629 Ivr.
315 4555 342 4627 Ι.
479 4607 482 4614 .
1092 4539 1126 4608 Ii
