3098 5498
319 379 408 478 132

749 407 974 470 lVl’ENlldS
993 425 995 432 ‘

307 607 522 700 Praefectos
541 603 703 710 Pelopea
721 605 835 696 facit,
852 601 1059 680 Philomela
1080 603 1274 684 tribunos.
1319 605 1324 616 '

309 725 421 802 Haud
438 742 562 818 tamen
580 722 747 799 invideas
761 726 840 799 'vati
852 733 868 814 ‚'
883 719 1161 828 quem-pulpita
1180 741 1352 828 pstscunt.

309 847 400 940 Quis
411 842 487 926 44444
504 841 734 916 Maecenas?
751 840 836 942 quis
856 865 959 914 nunc
978 841 1051 912 erit
1070 827 1135 914 aut
1150 839 1375 917 Proculeius
1392 895 1403 930 ‚

309 957 532 1034 Aut-Fabius
545 959 663 1058 lquis
673 957 781 1030 Cotta
795 957 931 1030 iterum
941 958 961 1030 ‘l
973 958 1057 1057 quis
1067 955 1251 1032 Lentulus
1261 956 1379 1036 alter?
1397 997 1434 1046 95

230 1055 232 1062 Ι
310 1077 420 1150 Tunc
439 1101 510 1178 par
527 1075 683 1175 ¹ingenio
702 1071 890 1176 pretium:
911 1088 1002 1145 tunc
1020 1070 1115 1146 utile
1137 1071 1286 1164 multis,

309 1189 458 1266 Pallere
477 1206 516 1264 et
532 1191 659 1270 vinum
680 1205 760 1264 toto
778 1190 924 1262 nescire
944 1187 1156 1265 Decembri.

360 1311 496 1382 Vester
515 1330 632 1410 porro
652 1303 763 1380 labor
780 1301 1008 1394 fecundior,
1025 1303 1268 1381 historiarum

311 1423 543 1527 Scriptores:
563 1421 658 1524 petit
678 1419 738 1492 hic
757 1417 842 1523 plus
863 1421 1042 1523 temporis
1063 1435 1176 1524 atque
1196 1419 1271 1495 olei
1291 1418 1404 1526 plus;

310 1539 482 1638 Namque
501 1534 618 1611 oblita
638 1534 739 1610 modi
758 1531 951 1610 millesima
969 1537 1106 1638 pagina
1132 1539 1252 1639 surgit
1381 1573 1432 1624 000

311 1654 506 1744 Omnibus,
526 1670 564 1726 et
583 1650 700 1726 multa
720 1655 855 1727 crescit
868 1650 1047 1732 damnosa
1063 1680 1223 1758 papyro.

311 1771 372 1843 Sic
390 1770 522 1872 ingens
541 1794 669 1842 rerum
688 1793 868 1841 numerus
885 1765 991 1842 iubet
1008 1785 1124 1868 atque
1142 1793 1299 1874 operum
1315 1765 1388 1842 lex.

311 1889 417 1980 Quae
435 1902 560 1958 temen
579 1881 668 1956 inde
680 1885 821 1987 seges?
842 1900 966 1958 terrae
986 1885 1069 1984 quis
1089 1884 1236 1958 fructus
1256 1885 1428 1988 apertae?

254 2023 256 2026 ·
297 2000 403 2095 'Quis
423 2000 528 2074 dabit
547 2001 747 2090 historic0,
769 2016 952 2100 quantum
972 1998 1081 2104 daret
1094 2017 1176 2073 acta
1193 1998 1364 2102 legenti?

311 2117 386 2194 Sed
406 2145 525 2222 genus,
542 2120 738 2220 ignavum,
757 2114 867 2219 quod
882 2101 980 2191 lecto
1001 2115 1139 2218 gaudet
1159 2135 1197 2192 et
1212 2117 1360 2192 umbra.
1382 2153 1430 2206 405

361 2237 430 2310 Dic
450 2237 585 2337 igitur,
607 2231 707 2334 quid
720 2231 914 2310 causidicis
934 2230 1056 2308 civilia
1076 2249 1269 2335 praestent

312 2352 439 2424 Ollicia
457 2367 494 2425 ct
513 2376 649 2452 magno
668 2347 819 2422 comites
837 2349 876 2420 iu
896 2345 995 2422 fasce
1012 2345 1160 2421 libelli?

313 2467 390 2573 Ipsi
411 2494 544 2570 magna
563 2483 723 2554 sonant,
743 2463 810 2539 sed
830 2479 947 2554 tunc,
967 2491 1086 2568 quum
1105 2461 1273 2575 creditor
1298 2463 1427 2556 audit,

312 2671 389 2721 -so
412 2671 519 2721 54-69.
538 2671 578 2720 74.
598 2673 638 2720 77.
653 2675 680 2720 44
696 2665 843 2717 Suetonio
896 2659 1008 2732 optimis,
1021 2662 1210 2732 squambibere
1219 2664 1430 2736 49444444444444

312 2748 365 2801 vita
385 2751 475 2802 4444444.
490 2767 556 2821 quos
568 2759 690 2818 sequutus
700 2765 767 2810 444444,
785 2746 844 2816 quia
895 2759 924 2795 44
940 2742 1037 2813 frigore
1052 2741 1193 2820 saeviente.
1244 2807 1249 2814 .

312 2849 370 2884 444444
388 2833 530 2886 Camerinos
538 2833 664 2904 iungitur.
678 2831 788 2884 Baream
801 2835 843 2883 70.
930 2831 972 2880 97.
986 2839 1040 2880 toto
1051 2832 1139 2880 vimrm
1156 2831 1198 2882 40.
1214 2831 1253 2882 42.
1272 2833 1312 2883 43.
1331 2833 1375 2883 ts.
1388 2832 1431 2882 40.

315 2919 357 2966 ts.
372 2921 414 2968 76.
431 2919 564 2968 82-44444
582 2913 693 2968 malebat
708 2911 843 2966 Schrader.
897 2911 938 2960 24·
953 2915 993 2961 45.

261 3043 262 3046 ,
347 2999 388 3048 02.
405 2995 557 3050 Philomena
575 3001 668 3052 tute.
681 3000 790 3048 2t-tt·
802 2998 844 3048 27.
928 2997 969 3044 99.
986 2993 1079 3062 petitur·
1094 2993 1209 3062 plttsbd.
1229 2996 1428 3048 606065.-

311 3065 479 3133 'ts-ts.s⁵.
894 3073 1357 3128 mettre-Pertrtoetaematre.
1393 3073 1429 3128 T.

344 3166 387 3214 94.
404 3161 542 3214 Moeteana
564 3169 590 3214 44
610 3159 747 3213 Messenae
770 3157 804 3210 al.
817 3175 843 3211 v.

312 3241 377 3305 adl,
390 3249 434 3298 66.
659 3279 661 3284 -
733 3309 735 3312 ¹

345 3329 390 3380 95.
411 3325 490 3380 Cocta
508 3329 616 3382 47-20.
630 3329 673 3378 22.
688 3328 730 3379 23.
743 3329 786 3378 24.
801 3328 845 3378 ts.
863 3387 865 3392 Ι

311 3414 352 3463 46.
364 3415 407 3464 48.
421 3417 462 3464 59.
473 3417 515 3464 64.
529 3415 572 3465 62.
730 3409 733 3417 ’

344 3499 387 3548 96.
401 3515 466 3548 tuoto
481 3497 540 3548 urite
565 3495 649 3548 44444444
667 3493 783 3548 Ρ4444444
794 3503 843 3548 cet.

311 3583 352 3630 67.
368 3583 408 3632 68.
423 3585 465 3631 74.
483 3585 524 3634 73.
539 3585 581 3632 77.
596 3588 622 3632 44
638 3577 680 3632 ed.
700 3577 805 3648 Ruphcl.
820 3595 843 3632 4.

310 3663 386 3713 4600.
410 3659 480 3734 quod
504 3661 582 3730 vulgo
602 3659 757 3731 explicatur:
775 3679 844 3714 nuuc

308 3739 567 3798 studiorum'utttitae
588 3745 673 3796 44444444
695 3743 745 3797 huc
761 3743 841 3808 redit,

309 3835 339 3877 ut
353 3827 470 3893 polleas,
488 3826 557 3880 curis
580 3827 724 3882 conficiatis
739 3839 766 3881 44
781 3827 844 3880 vino

309 3907 435 3962 abstineas
456 3907 497 3962 vel
518 3910 543 3963 iu
570 3909 624 3982 ipso
645 3910 796 3976 Decembri,
815 3909 843 3962 in

309 4007 361 4057 quo
386 3993 563 4047 Saturnalium
589 4005 705 4066 tempore
732 4012 840 4058 omues,

309 4072 389 4125 4444444
406 4079 636 4141 continentissimi.
657 4077 733 4149 genio
756 4076 842 4130 lndul·

310 4171 372 4222 00444
389 4160 483 4212 colente
505 4160 563 4224 vel,
581 4179 649 4214 nunc
672 4160 839 4225 discendum,

309 4239 363 4291 4444
374 4241 538 4296 utilissimum
554 4254 606 4310 444,
619 4247 717 4298 44444444
732 4255 759 4298 44
769 4245 844 4299 444444·

310 4338 372 4372 nere
386 4325 455 4379 vino.
469 4330 502 4378 Η.
517 4329 631 4381 Valesius
644 4329 763 4399 exponit-.-
778 4347 842 4382 4444444

309 4408 369 4479 utile
395 4413 492 4476 multis,
511 4416 598 4482 'poetis
625 4413 735 4480 scillcet,
761 4413 841 4469 4444444

932 3143 1286 3219 {stratuum-mamm
1296 3163 1338 3212 44.
1351 3159 1432 3212 mera

894 3245 979 3292 4444444
990 3258 1038 3310 pro
1048 3244 1135 3294 4444444
1150 3241 1227 3294 mucha
1241 3241 1327 3312 recepi
1339 3259 1371 3294 ex
1389 3247 1432 3294 44.

894 3328 935 3378 23.
954 3329 994 3380 24.
1009 3323 1067 3394 quia
1079 3325 1176 3396 gratius
1186 3337 1226 3380 444
1239 3326 1356 3380 auribus.

930 3411 987 3460 402.
1004 3411 1086 3477 operis
1102 3417 1146 3464 77.

909 3493 917 3506 '
930 3495 987 3544 406.
1005 3493 1124 3562 ignom
1150 3503 1187 3544 444
1202 3493 1270 3564 qttod
1285 3496 1429 3548 22.-44444

894 3576 1015 3644 protem
1030 3579 1070 3630 ro.
1088 3581 1127 3630 u.
1144 3583 1253 3631 rt-ao.
1266 3581 1428 3632 as-as.rr.

893 3664 1004 3712 45-50.
1017 3665 1124 3714 54-69.
1141 3668 1250 3716 74-74.
1266 3669 1309 3716 77.
1330 3669 1358 3713 el
1370 3660 1429 3714 cod.

893 3743 951 3796 Put.
966 3762 980 3796 a
995 3761 1029 3795 m.
1042 3761 1092 3797 444.
1112 3745 1172 3797 Non
1185 3743 1266 3810 male5
1283 3743 1329 3799 scd
1341 3753 1429 3800 4444444

894 3823 971 3878 lectio
987 3836 1023 3899 et
1034 3827 1185 3882 concinnior
1198 3837 1236 3881 444
1259 3832 1342 3898 (nam
1355 3829 1428 3882 notio

893 3914 951 3963 44444·
966 3911 1007 3964 vel
1018 3912 1186 3985 aediumiam
1203 3912 1352 3968 continetur
1365 3931 1429 3968 voce

893 3999 1011 4066 ambra),
1025 4005 1051 4049 et
1077 3997 1219 4052 admotum
1244 3997 1384 4068 probabilis
1399 4001 1431 4053 fit

893 4098 925 4133 ex
942 4079 1004 4133 locis
1015 4079 1094 4137 4444444.
1112 4082 1209 4136 Horatii
1223 4093 1249 4136 44
1260 4083 1361 4138 044444.

929 4170 986 4220 406.
1000 4179 1129 4237 praestant
1140 4172 1180 4222 40.
1195 4173 1321 4222 42-474
1335 4187 1372 4222 m.
1383 4187 1426 4238 pr.

894 4255 934 4304 tt.
958 4255 996 4303 40.
1016 4255 1056 4303 24.
1074 4255 1116 4303 22.
1134 4255 1175 4305 24.
1199 4256 1240 4306 27.
1259 4257 1300 4305 46.
1324 4257 1366 4306 47.
1384 4255 1428 4306 40.

893 4338 935 4390 54.
946 4339 987 4386 65.
1003 4341 1030 4384 44
1046 4353 1103 4403 pars
1114 4335 1226 4388 maxima
1240 4334 1316 4389 codd.
1338 4334 1420 4389 Paris.

928 4419 984 4470 4044.
1007 4415 1057 4469 tum
1080 4411 1217 4472 tls-Oios
1242 4409 1274 4474 444
1298 4417 1327 4472 44
1353 4419 1426 4488 pepe
