3098 5498
559 414 707 475 surus
742 401 804 472 xi.
841 386 845 404 ’

106 620 168 692 Et
188 615 397 691 natalitium
420 614 588 715 cognatis
610 639 752 716 ponere
774 609 946 704 lardum,

108 733 333 810 Accedente
351 757 469 820 nova,
490 731 519 804 si
541 757 654 834 quarn
674 729 788 804 dabat
806 727 947 828 hostia,
966 753 1090 804 carne.
1209 768 1243 817 35

109 855 376 956 Cognatorum
393 847 550 952 aliquis,
571 845 683 922 titulo
703 835 952 922 ter'Consulis
971 863 1085 949 atque

111 973 337 1045 Castrorum
361 967 528 1068 imperiis
548 979 586 1038 et
605 965 808 1037 Dictatoris
825 962 973 1037 honore

112 1089 310 1175 Functus,
327 1081 375 1156 ad
394 1083 459 1156 has
481 1079 613 1185 epulas
633 1078 745 1155 solito
765 1081 945 1154 maturius
966 1078 1065 1171 ibat,

116 1207 297 1278 Erectuna
319 1199 461 1274 domito
480 1197 649 1272 referens
670 1225 690 1269 a
718 1213 844 1271 monte
864 1193 1041 1298 ligonem.

172 1323 298 1414 Quum
313 1333 520 1390 tremerent
538 1331 661 1388 autern
676 1313 809 1387 Fabios
830 1311 1047 1415 durumque
1065 1315 1244 1389 Catonem

59 1421 62 1434 ’
120 1439 171 1512 Et
188 1436 351 1508 Scauros
369 1451 407 1506 et
423 1431 844 1534 Fabricios‚postremo
865 1453 1013 1506 severos
1205 1465 1237 1514 9.

119 1550 294 1625 Censoris
314 1572 436 1622 mores
450 1547 561 1620 etiarn
581 1542 726 1645 collega
748 1545 897 1644 tirueret
908 1569 918 1632 ;

117 1667 241 1740 Nemo
261 1666 361 1739 inter
380 1687 490 1737 curas
509 1677 547 1734 et
564 1663 660 1735 seria
679 1659 786 1733 duxit
803 1656 1039 1751 habendum,

119 1777 254 1876 Qualis
274 1781 312 1852 in
333 1780 473 1852 Oceani
491 1776 613 1852 fluctu
633 1773 783 1849 testudo
803 1789 969 1864 nataret,

117 1896 276 1972 Clarum
294 1897 517 1997 Troiugenis
535 1891 679 1968 factura
700 1920 743 1967 ac
763 1889 891 1968 nobile
910 1889 1097 1966 fulcrum:
1209 1930 1242 1997 ⁹⁵

119 2013 318 2089 Sed'nud‘o
336 2011 455 2086 latete
475 2027 512 2084 et
530 2013 658 2115 parvis
677 2007 784 2084 frons
806 2033 916 2080 aerea
933 2005 1040 2083 lectis
1097 2021 1099 2026 “

118 2129 209 2207 Vile
229 2132 399 2206 coronati
419 2146 533 2233 caput
552 2125 774 2202 ostendebat
795 2121 920 2222 aselli,

159 2335 200 2384 et.
213 2329 256 2384 Ae
268 2335 310 2386 60.
323 2330 360 2384 At
370 2335 412 2384 25.
426 2336 469 2385 56.
484 2336 525 2386 57.
535 2336 577 2385 59.
587 2330 657 2382 Tune

126 2417 253 2467 maiouim
277 2415 368 2486 uliqrds
400 2417 521 2468 audacter
551 2413 656 2468 emend.

120 2499 258 2552 Schrader.

160 2584 201 2633 85.
218 2599 307 2634 novam
325 2581 496 2634 lta-daret
512 2585 601 2634 44.44.
616 2583 656 2632 46.

122 2667 167 2717 47.
181 2667 222 2716 20.
240 2669 282 2716 24.
297 2692 332 2705 -·
350 2672 500 2718 eanrem't7
522 2685 537 2717 a
559 2682 595 2716 m.
617 2681 655 2734 pr.

121 2750 167 2798 2⁰.
180 2752 223 2800 24.
240 2751 282 2799 22.
301 2753 342 2800 45.
357 2753 398 2801 40.

122 2866 126 2874 ·
158 2834 202 2882 89.
214 2829 335 2900 Ereptum
347 2836 375 2883 24
395 2849 450 2883 arn
464 2849 502 2900 pr.
521 2833 564 2884 56.
580 2835 621 2885 60.

158 2916 262 2966 904404Ι
289 2933 335 2984 pro
360 2927 441 2966 nutem
469 2921 508 2968 45.
532 2926 592 2968 onte
610 2933 657 2986 pro

124 3009 207 3050 adem
221 3001 263 3052 25.
277 3003 318 3050 46.
330 3003 373 3051 47.
388 3004 429 3052 48.
444 3003 486 3052 58.

157 3085 200 3133 94.
217 3082 343 3152 rigidique
360 3098 406 3150 pro
424 3093 548 3149 postremo
568 3085 592 3136 7.
616 3085 656 3134 40.

124 3167 234 3215 44-27.
256 3168 367 3216 45-50.
383 3167 490 3217 54-69.
504 3171 546 3218 74.
560 3169 601 3218 72.
616 3171 658 3218 73.

121 3256 149 3298 et
164 3263 257 3300 omnes
280 3245 354 3299 codd.
377 3247 455 3306 Poris.
480 3247 586 3318 Rigidus
603 3266 658 3318 pas·

122 3331 174 3382 sint
189 3329 419 3393 dicitursevems,
438 3341 464 3385 et
485 3330 540 3401 ipae
561 3332 659 3384 ceum

123 3413 206 3467 ovid.
224 3415 281 3471 Art·
296 3416 327 3481 ll,
344 3421 402 3469 664.
417 3413 467 3468 Sed
482 3412 507 3466 h.
522 3412 540 3466 l.
555 3413 658 3486 langne-

121 3507 181 3565 ret‚
194 3499 325 3570 quiscum
343 3517 437 3571 synon.
454 3517 548 3551 severos
564 3497 655 3569 iunge-

122 3591 211 3648 retur,
223 3583 297 3636 cuins
305 3602 359 3636 voc.
367 3583 542 3654 interpretum.
552 3582 658 3637 redolet.

159 3673 201 3722 94.
218 3667 314 3721 Oceani
327 3686 419 3722 omnes
429 3669 505 3722 codd.
522 3669 602 3724 Paris.
616 3669 660 3722 tri·

124 3751 174 3806 but
185 3752 298 3822 exeeptis
311 3763 417 3806 recentt.
435 3752 479 3822 qui
495 3752 597 3808 Oceano
610 3753 657 3806 ha·

705 2328 817 2384 sednon
838 2329 887 2382 nisi
901 2347 947 2395 ea,
970 2345 1036 2400 quae
1057 2323 1159 2398 proprie
1179 2331 1241 2377 sunt

706 2412 842 2476 adiectira,
853 2412 874 2464 si
881 2432 1006 2483 perpauca
1014 2411 1143 2484 exceperis
1154 2427 1239 2461 esem·

705 2493 760 2564 pla,
782 2514 847 2565 quae
869 2495 989 2549 vitiosam
1021 2494 1122 2564 sapiunt
1147 2489 1237 2544 lectio·

706 2597 777 2631 nem.
803 2581 914 2633 Ooearuu
932 2590 1019 2632 autern
1042 2578 1160 2648 nuspiam
1173 2577 1242 2630 aelie-

706 2666 773 2716 ctive
786 2663 885 2717 dicitur.
900 2663 984 2716 Dubia
997 2672 1064 2716 certe
1078 2673 1139 2714 runt
1148 2679 1236 2713 exeru-

707 2745 763 2816 pta,
775 2765 840 2816 quae
863 2745 1013 2812 laudantur,
1034 2749 1096 2798 Tac.
1108 2747 1174 2798 llist.
1191 2745 1238 2806 lv,

709 2835 749 2884 42.
767 2832 837 2882 Caes.
858 2831 886 2883 B.
902 2831 934 2882 G.
949 2831 995 2892 111,
1015 2837 1040 2883 7.
1058 2839 1084 2882 et
1098 2826 1198 2898 Ampel.
1215 2837 1239 2880 4.

707 2915 801 2986 quibus
816 2913 877 2968 locis
887 2935 956 2970 mm
966 2935 1070 2968 memus
1082 2923 1106 2968 el
1114 2915 1140 2966 in
1150 2923 1240 2983 quarto

706 3021 765 3054 casu
778 3021 848 3054 mare
867 3020 985 3054 ocenum
1002 3001 1053 3054 dici
1074 2999 1191 3062 videtur,
1212 3007 1252 3052 ut*

708 3085 806 3138 Rham
817 3091 899 3138 amns
910 3095 958 3138 cet.
972 3084 1014 3138 Cs.
1022 3085 1124 3138 Ernesti
1140 3084 1241 3136 adTac.

708 3169 725 3222 l.
743 3167 760 3222 l.
785 3170 845 3224 Atia
864 3168 994 3240 exempla,
1021 3189 1053 3221 ex
1068 3170 1182 3234 Avieno,
1199 3168 1240 3222 Pi·

707 3251 775 3306 thoei
798 3251 890 3319 Calah,
917 3262 944 3305 et
968 3254 1077 3304 Venant.
1108 3254 1241 3304 Fortunat.

708 3337 755 3405 Ep.
768 3339 811 3401 lll,
823 3343 863 3390 23.
872 3346 899 3388 et
911 3337 997 3388 Carm.
1009 3337 1068 3398 Vll,
1082 3341 1106 3389 2.
1121 3334 1154 3387 ab
1166 3335 1242 3388 Heio·

708 3420 747 3474 sio
759 3421 863 3474 excitata
882 3419 913 3473 ad
926 3418 1060 3474 Claudian.
1074 3419 1090 3471 l.
1109 3419 1128 3472 l.
1140 3431 1196 3472 tour
1210 3439 1242 3472 ex

707 3493 813 3559 recentt.
826 3505 904 3576 petita
917 3515 978 3559 siant
990 3505 1171 3582 seripturibus‚
1188 3516 1242 3558 turn

707 3587 873 3642 librariorum
904 3589 991 3644 somn
1020 3589 1170 3654 socordiae,
1198 3597 1244 3642 aut

709 3675 807 3744 stupori
821 3674 959 3729 debentur.

744 3765 784 3812 95.
800 3772 823 3812 et
840 3759 922 3812 nobile
940 3762 976 3812 40.
995 3763 1036 3810 44.
1052 3762 1163 3812 46-24.
1177 3762 1219 3810 45.

124 3837 201 3905 bent5
216 3837 285 3908 quod
304 3838 419 3891 mireris:
442 3857 502 3890 narn
523 3841 549 3890 in
566 3859 659 3892 orooro
744 3848 785 3896 97.
806 3842 866 3895 Vite
886 3843 953 3909 conj.
971 3841 1086 3894 Hennin.
1106 3841 1141 3895 ob
1166 3841 1245 3894 verba

117 3923 203 3990 structu
216 3927 242 3975 9.
259 3929 300 3976 46.
311 3927 350 3976 23.
367 3928 409 3976 25.
422 3929 464 3977 27.
479 3928 520 3975 44.
533 3929 575 3976 43.
593 3929 660 3976 46-
701 3921 824 3997 Hygini,
838 3925 865 3978 in
878 3928 981 3978 Comnr.
994 3923 1103 3978 laudata.
1117 3923 1160 3977 Sic
1171 3929 1246 3994 poilta

125 4013 168 4060 49.
186 4010 297 4060 55σ60.
319 4013 350 4059 65
370 4017 398 4059 ut
414 4007 462 4064 inl.
478 4025 504 4060 v.
520 4009 661 4061 tt3.ldore
709 4014 763 4064 vite
788 4011 900 4062 coronati
926 4008 1008 4061 facete
1034 4007 1099 4062 dixit
1123 4026 1171 4078 pro
1193 4011 1246 4059 vite

126 4091 159 4142 ab
176 4097 270 4143 oceano
288 4087 316 4141 in
337 4097 361 4143 7.
385 4096 427 4142 44.
445 4096 541 4145 4644.
564 4097 603 4144 49.
617 4096 660 4146 20.
711 4093 821 4163 alligati.
851 4091 902 4144 Sed
930 4089 1063 4162 epitheton
1091 4092 1143 4144 vile
1166 4089 1246 4144 etiam

128 4179 171 4227 22.
190 4178 233 4226 25.
254 4179 296 4227 44.
317 4178 357 4227 43.
377 4179 418 4226 45.
437 4179 478 4226 49.
498 4180 605 4230 55-57.
619 4181 660 4230 59.
711 4176 872 4247 aptissimum
887 4185 925 4230 est
937 4173 963 4228 h.
980 4174 996 4227 l.
1014 4174 1056 4230 sid
1070 4177 1172 4228 Comm.
1192 4173 1247 4228 Ma·

128 4262 169 4311 60.
180 4264 222 4312 83.
240 4257 332 4328 probb.
346 4259 501 4329 Graugaeo,
515 4257 660 4328 Plathnero,
712 4259 759 4314 lim
773 4272 859 4314 tamen
882 4277 1007 4330 reponere
1025 4263 1149 4312 coronatis
1160 4273 1246 4312 oswii·

128 4343 197 4411 Lips.
210 4351 237 4395 et
247 4341 335 4394 lleins.
358 4342 418 4396 Non
435 4345 525 4412 ignoro
542 4341 661 4412 quidem,
712 4344 785 4398 debut
806 4343 860 4399 scil.
882 4344 1015 4409 convivia,
1034 4353 1063 4396 ut
1081 4357 1138 4413 sup.
1160 4345 1192 4409 V,
1204 4349 1246 4396 36.

130 4425 287 4496 substantiva
299 4445 373 4500 saepe
389 4442 436 4498 pro
449 4425 579 4484 allectivis
593 4430 663 4498 poni,
713 4426 760 4483 abi
789 4446 816 4484 v.
848 4430 951 4486 Carum.
986 4417 1251 4494 perarida-auitae
