3108 5494
771 385 1024 464 truentum

311 591 414 664 Haec
433 589 691 690 inter-pueros
710 587 812 660 varie
837 597 1118 688 properantur:
1138 599 1178 658 at
1192 581 1259 659 ille
1412 663 1418 672 ,

311 707 389 780 Iam
408 703 513 782 sedet
529 705 570 777 in
587 703 671 806 ripa'
689 716 908 802 tetrumque
927 700 1096 778 novicius
1115 697 1251 776 horret
1389 705 1476 791 m.

310 821 533 910 Porthmea,
551 844 624 894 nec
642 833 769 920 sperat
788 817 941 890 coenosi
961 815 1118 918 gurgitis
1139 813 1271 890 alnum
1463 817 1474 824 ”

310 937 470 1028 Infelix,
490 933 713 1024 nechabet,
732 958 846 1037 quem
865 933 1055 1036 porrigat,
1075 957 1142 1006 ore
1159 931 1350 1008 trientem.
1376 981 1380 986 -
1454 989 1457 998 .

361 1057 519 1159 Respice
537 1077 642 1129 nunc
661 1051 735 1126 alia
753 1075 797 1125 ac
816 1048 963 1126 diversa
979 1047 1151 1156 pericula
1168 1052 1316 1126 noctis:
1387 1117 1392 1127 .

311 1169 425 1264 Quod
442 1171 603 1273 spatium
622 1169 730 1242 tectis
748 1165 990 1258 sublimibus,
1010 1163 1114 1240 unde
1132 1165 1335 1242 cerebrum

311 1290 425 1364 Testa
442 1285 531 1362 ierit
541 1313 552 1376 ς
571 1286 721 1390 quoties
740 1287 877 1359 rimosa
897 1299 935 1356 et
954 1298 1062 1356 curta
1081 1279 1256 1360 fenestris
1381 1317 1415 1372 ²7
1428 1321 1461 1370 ο.

311 1407 411 1479 Vasa
427 1401 587 1493 cadant;
608 1417 753 1504 quanto
773 1424 996 1504 percussum
1019 1395 1192 1502 pondere
1210 1399 1384 1504 signent.
1473 1499 1475 1504 Ι

313 1523 364 1595 Et
382 1517 536 1594 laedant
555 1515 709 1592 silicem.
730 1518 853 1593 Possis
873 1518 1028 1620 ignavus
1048 1513 1203 1606 haberi,

312 1639 364 1712 Et
379 1635 494 1711 subiti
514 1659 620 1711 casus
639 1632 900 1738 improvidus,
919 1631 968 1706 ad
986 1655 1144 1706 coenam
1161 1635 1191 1708 si

313 1755 515 1828 Intestatus
533 1771 616 1828 cass
638 1750 734 1828 adeo
753 1767 810 1826 tot
828 1749 906 1824 fata
920 1803 929 1841 ,
945 1765 1044 1852 quot
1061 1746 1125 1824 illa
1174 1787 1180 1800 ·

313 1873 433 1946 Nocte
452 1886 585 1974 patent
605 1867 762 1973 vigiles,
781 1885 819 1942 te
836 1884 1125 1972 praetereunte,
1142 1865 1344 1942 fenestrae.
1383 1903 1439 1957 275

314 1987 417 2088 Ergo
435 2003 542 2092 optes
559 2001 767 2088 votumque
785 1981 884 2058 ieras
903 1977 1113 2060 miserabile
1131 1997 1278 2072 tecum,

268 2177 272 2188 ,
314 2106 368 2178 Vt
385 2107 460 2180 sint
477 2117 680 2180 contentae
699 2099 848 2208 patulas
865 2097 1077 2176 defundere
1098 2099 1235 2210 pelves.

315 2330 394 2386 codd'
407 2331 488 2386 Paris.
510 2331 605 2385 Putant
624 2336 682 2382 esse*
698 2325 849 2398 proceleus-
935 2330 994 2382 267.
1011 2322 1055 2379 nie
1067 2323 1138 2380 tates
1146 2368 1154 2394 ,
1167 2346 1240 2400 quem
1253 2329 1381 2398 porrigat,
1392 2344 1437 2380 ore

315 2414 440 2470 malicum
448 2453 457 2479 ‚
471 2423 497 2468 ei
510 2423 619 2483 quatuor
632 2409 742 2484 syllabas
759 2410 850 2464 breves
900 2413 1031 2475 trientem,
1052 2421 1080 2464 ul
1097 2431 1136 2480 ap.
1151 2411 1257 2465 Lucian.
1275 2408 1394 2480 &ispius
1412 2429 1437 2463 c.

314 2496 472 2570 respondere
488 2496 588 2550 duabus
600 2494 685 2566 longis
700 2513 746 2547 seu
767 2513 846 2564 spon·
903 2497 943 2548 ts.
954 2493 1013 2548 otti
1026 2492 1069 2548 sit
1084 2493 1175 2565 ὀβολὸν
1189 2495 1256 2566 ἔχων
1270 2494 1304 2546 τὰ
1324 2494 1452 2574 παρθμίαῶ

316 2582 380 2636 deo:
398 2599 461 2635 nam
485 2580 569 2652 prima
588 2578 647 2651 syll.
665 2597 722 2634 voc.
743 2579 849 2649 strigilis
901 2579 1066 2650 καταβαλεῖν.
1080 2581 1193 2636 Servum
1214 2577 1245 2632 sd
1263 2581 1373 2650 Stygem
1387 2596 1435 2632 ve·

315 2664 471 2734 corripitur,
487 2683 545 2720 uc.
563 2665 658 2717 sPers.
673 2670 699 2728 5,
718 2667 775 2717 426.
793 2665 847 2718 Ηο-
900 2663 968 2718 nisse
997 2663 1161 2717 inhumatum
1180 2674 1207 2717 et
1228 2662 1290 2717 hine
1314 2663 1436 2718 trientem

316 2759 366 2802 rat.
381 2750 435 2802 Sat.
449 2753 475 2812 2.
495 2755 521 2812 t,
545 2752 604 2802 tii).
624 2745 707 2799 Plani.
724 2745 804 2800 Stieis.
827 2755 850 2812 t,
899 2746 1007 2801 orieius
1023 2765 1077 2801 non
1094 2745 1206 2818 potuisse
1227 2747 1324 2811 inseri,
1346 2755 1437 2800 monet

316 2841 341 2900 ³,
355 2837 431 2888 itit
442 2829 476 2884 sl.
488 2828 622 2901 Strigliius
634 2841 658 2882 et
667 2832 742 2900 piene
756 2835 796 2883 tt.
806 2833 848 2884 22.
900 2829 938 2884 ill.
953 2832 984 2884 C.
997 2831 1031 2884 de
1043 2830 1189 2902 Hsugwits.
1203 2831 1254 2886 Sed
1266 2831 1336 2886 cons.
1346 2848 1372 2884 v.
1383 2834 1437 2884 259

314 2925 358 2976 49.
374 2917 422 2985 (in
441 2933 493 2988 qua
505 2925 592 2969 unus
609 2915 651 2969 ed.
669 2913 791 2986 Strigibm
805 2915 846 2967 vi·
900 2916 992 2966 -26t,

313 3005 380 3058 tiost
399 3000 544 3071 scripturn)
560 3003 601 3054 70.
619 2998 688 3070 quod
707 3000 804 3068 recepi,
820 3009 850 3054 ut
934 2999 992 3050 266.
1006 2995 1099 3067 Aspice
1112 3001 1153 3050 tt.
1164 3023 1195 3038 -
1206 2999 1347 3068 monispro
1357 2999 1440 3056 metis,

315 3093 400 3138 metro
421 3079 577 3135 consulatur.
598 3077 757 3151 Strigiiibrss,
773 3080 855 3150 pleno-
900 3083 932 3134 22
951 3101 966 3134 a
982 3099 1067 3152 mpr.
1447 3099 1449 3106 ⁸

314 3169 600 3238 suppositittttt.
620 3169 661 3216 27.
678 3168 787 3220 45-48.
806 3171 848 3219 50.
933 3169 991 3220 269.
1011 3169 1120 3234 spatium
1142 3177 1178 3219 eti
1207 3169 1276 3219 tectis
1297 3173 1338 3218 tt.
1362 3169 1435 3218 tectis

316 3255 426 3305 66-69.
441 3244 849 3319 tt-ts.st.Soipttibm,pimo
898 3253 1005 3320 spatium
1022 3253 1063 3302 2³.
1437 3295 1442 3306 .

315 3348 340 3388 cs
353 3333 394 3388 ed.
409 3333 506 3403 sipont.
933 3338 991 3389 tit.
1008 3333 1101 3388 ωᾰωιι
1116 3339 1156 3388 tt.
1174 3341 1213 3388 ts.
1228 3339 1268 3387 ⁴7.
1283 3339 1326 3388 ts.
1345 3337 1388 3386 ts.
1404 3337 1441 3386 ts

349 3422 408 3472 266.
420 3417 524 3468 noviuus
539 3419 582 3470 27.
598 3420 639 3470 60.
653 3421 695 3470 65.
708 3425 735 3468 et
748 3415 785 3468 sic
801 3435 848 3470 vo·
898 3421 973 3471 -48.
989 3421 1098 3474 66-60.
1110 3424 1152 3472 66.
1166 3425 1192 3470 et
1203 3417 1251 3470 Xll
1264 3416 1339 3470 codd.
1352 3416 1437 3478 Pstis,

316 3519 358 3556 ces
371 3508 533 3554 tantumnon
544 3516 644 3564 omnes,
654 3499 681 3550 in
689 3503 746 3552 itins
753 3517 848 3553 exeun·
898 3500 968 3554 unde
976 3519 1046 3554 nttnc
1062 3499 1147 3570 recepi
1154 3511 1180 3554 et
1191 3499 1316 3554 maiorem
1323 3499 1440 3554 distinct.
1518 3557 1523 3568 ,

315 3593 370 3650 tes,
388 3601 414 3636 v.
433 3601 454 3637 c.
469 3583 620 3649 tribunitio,
638 3584 764 3636 aedilium
769 3623 780 3648 ,
800 3583 847 3636 ad-
899 3583 972 3654 posui
988 3587 1136 3656 postferit,
1146 3583 1273 3637 suadente
1284 3583 1393 3648 Manso,
1408 3593 1440 3638 ut

314 3667 440 3730 ventitiiu,
453 3666 590 3738 gentilitias
602 3677 660 3730 cet,
674 3666 750 3720 scribi
759 3667 850 3721 iubent
899 3687 951 3721 non
963 3667 1055 3740 duplex
1069 3667 1112 3722 sed
1130 3667 1222 3738 triplex
1235 3667 1356 3720 innuatur
1369 3669 1439 3739 peri-

315 3748 429 3821 Scaliger
442 3747 541 3816 etalii,
563 3748 606 3819 qui
627 3767 669 3803 eas
690 3767 704 3803 ι
725 3754 848 3816 novum,
898 3757 997 3820 arbim,
1010 3755 1080 3825 quod
1098 3765 1176 3810 noctu
1189 3754 1268 3808 domo
1285 3753 1438 3808 exeuntibus

315 3833 443 3886 aedilitate
452 3832 470 3898 ,“
475 3833 625 3904 gentilitate,
638 3833 793 3888 adrem
804 3835 847 3889 de·
898 3841 995 3892 Romae
1009 3841 1095 3893 instet.
1114 3837 1200 3910 Vulgo
1216 3835 1311 3908 legitur
1325 3838 1417 3890 oadsmt
1424 3875 1437 3902 ,

315 3917 422 3971 ducunt.
436 3916 488 3970 Sed
503 3917 607 3970 nummi
624 3927 649 3970 et
663 3915 776 3988 lapides,
789 3937 847 3972 rna-
899 3929 925 3972 et
938 3919 965 3972 in
984 3917 1083 3992 aliquot
1096 3921 1172 3973 MSS.
1189 3917 1270 3972 Pstis.
1292 3919 1436 3974 eadm.-

314 3999 384 4052 xime
400 3997 544 4070 capitolini,
562 4001 589 4053 in
607 3997 659 4052 illis
675 4019 776 4071 semper
789 4005 849 4056 isius
896 4005 1032 4074 permissu
1048 4011 1076 4058 ⁴7
1091 4024 1106 4056 a
1119 4022 1155 4057 m.
1170 4019 1208 4073 pr.
1222 4032 1254 4046 -
1263 4001 1437 4076 ponderestw

314 4081 453 4148 exhibent,
470 4082 540 4154 quod
554 4082 695 4154 probarunt
705 4084 848 4139 Priscianus
898 4090 961 4142 dam
976 4089 1044 4143 coni.
1059 4087 1193 4143 Schrader.

316 4173 342 4217 et
360 4166 507 4232 Manutiuss
528 4175 554 4220 et
574 4165 607 4219 sd
630 4165 748 4237 pleraque
771 4167 848 4223 buius
932 4175 991 4226 272.
1003 4177 1139 4242 possedi.
1153 4178 1279 4246 possisque
1295 4177 1339 4228 26.
1347 4175 1388 4226 27.
1397 4177 1434 4226 46

296 4241 302 4258 '
316 4246 388 4299 modi
403 4247 537 4315 vocabula,
549 4269 575 4304 v.
592 4268 614 4302 c.
628 4252 768 4318 latericiis,
775 4253 846 4324 ficti·
897 4261 974 4311 -5tt
994 4259 1103 4310 54-66.
1116 4261 1157 4311 ot.
1175 4263 1258 4312 65.·-
1274 4261 1374 4328 ignauo
1387 4260 1432 4311 tc·

315 4331 699 4400 dffl‚ptt11't'tittt‚emissicius
721 4345 770 4392 oei.
793 4355 848 4392 tlon
899 4343 941 4395 26.
1435 4341 1437 4346 ’

314 4414 492 4474 murensis
507 4428 546 4478 est
562 4416 606 4476 ills
622 4419 696 4476 nuo.
932 4428 993 4480 27⁷.
1003 4422 1147 4497 diffinitis-e
1158 4431 1217 4483 2.3.
1231 4427 1322 4504 itit.
1336 4428 1378 4478 ts.
1389 4429 1434 4480 ti:
