3056 5490
313 431 406 531 470

310 631 355 684 Vs.
370 639 411 685 tt.
428 633 564 686 Forma
577 652 604 704 p.
626 635 666 704 pl.
677 631 767 704 offusa.
786 633 893 704 iegitur
908 643 935 688 et
948 637 1078 708 smmum
1092 638 1184 703 olim,
1200 646 1228 688 et
1234 637 1343 709 sarran
1355 635 1435 708 offla,

377 723 403 766 et
414 713 517 786 florenta
526 715 578 766 olla
587 753 595 780 ,
604 733 668 786 quas
681 717 840 768 admiserunt
854 717 980 771 variantes
994 718 1037 772 alii
1048 717 1116 772 alias.
1138 716 1191 770 Sed
1203 719 1290 788 prirnn
1303 719 1359 770 olla
1376 719 1435 768 usi·
1518 741 1519 744 ¹

377 811 426 846 uus
437 796 560 852 convenit
572 797 747 870 cumsacrata
758 815 838 870 quam
851 797 919 868 ‘'ffi‘i
934 808 990 855 tum
1002 800 1157 854 constructio
1173 796 1252 868 panio
1268 797 1334 850 iores
1345 799 1435 868 impe·

377 877 473 944 ditior,
490 881 511 932 si
524 879 704 934 admitteretur
715 880 841 935 ablativus
847 884 954 954 saerata
969 880 1026 954 offa
1039 899 1087 952 pro
1105 883 1232 944 causativo
1236 880 1368 952 sarratam
1382 879 1434 950 ns·

347 1009 353 1026 ,
368 960 449 1029 satit,
463 979 544 1032 quam
556 963 623 1034 regit
630 963 808 1034 monne.
825 962 900 1016 Pras.

818 1083 879 1136 Sar.
891 1085 925 1136 V.

310 1175 357 1232 Vs.
370 1183 412 1234 38.
426 1177 559 1232 distendit.
575 1177 649 1248 Legit
665 1177 768 1248 Koenig
784 1187 873 1230 contra
889 1175 969 1230 fidens
980 1175 1055 1230 MSS.
1069 1185 1096 1230 et
1112 1175 1349 1230 laudatissimorum
1372 1172 1435 1227 odi·

328 1327 330 1334 .
376 1260 478 1312 tionum
495 1257 617 1321 ostendit,
639 1257 709 1330 quod
727 1259 810 1313 multo
829 1259 916 1312 minus
941 1261 1067 1313 convenit
1087 1275 1147 1310 curn
1167 1259 1256 1328 regula
1268 1266 1295 1308 et
1312 1261 1439 1308 ιἰιωηω.

378 1340 458 1392 Porro
471 1350 509 1394 est
523 1341 653 1392 iuncturae
666 1341 767 1395 Persius
780 1342 925 1396 studiosior.
942 1341 1015 1396 Pras.

313 1423 355 1474 Vs.
370 1427 411 1477 60.
425 1423 491 1476 Tum
503 1441 605 1476 crassos.

313 1505 358 1558 Vs.
370 1509 411 1559 82.
426 1505 500 1558 Hanc
512 1505 581 1556 nobis
591 1503 662 1575 pitea
674 1505 776 1558 donant.
792 1505 854 1558 Mss.
869 1503 922 1558 rnei
932 1501 1038 1558 Codices
1051 1507 1117 1558 nott
1125 1543 1135 1567 ,
1150 1506 1231 1567 8055,
1247 1505 1315 1556 8070
1332 1499 1441 1551 lerunt:

380 1587 452 1640 Hace
468 1607 536 1640 mera
546 1587 660 1652 libertas,
674 1587 721 1639 boc
734 1587 802 1638 nohis
814 1587 882 1656 pilea
903 1587 1005 1639 donant.
1022 1589 1093 1656 Quae
1107 1584 1231 1638 lectiones
1243 1593 1269 1637 et
1284 1585 1357 1654 ipsae
1371 1601 1440 1654 pro·

379 1667 434 1720 bari
446 1678 559 1738 possunt.
578 1667 664 1740 Hupc,
677 1666 779 1728 scilicet
792 1669 853 1735 lineo
866 1667 970 1728 munia,
984 1667 1045 1718 liaeo
1059 1665 1198 1738 privilegia
1211 1661 1377 1733 spondendi,
1396 1663 1441 1714 iu·

382 1747 500 1812 dicandi,
515 1748 683 1819 obsignandi,
699 1762 746 1803 eto.
770 1749 859 1802 Altera
871 1768 931 1802 vero
947 1749 1035 1810 lectio,
1050 1767 1117 1820 quae
1130 1748 1186 1818 plus
1200 1747 1277 1800 babet
1288 1745 1440 1800 auctorita-

380 1827 414 1882 tis
428 1833 455 1882 in
463 1828 537 1883 MSS.
553 1829 688 1882 Codicibus
700 1831 899 1895 Germanorum,
913 1832 993 1902 magis
1007 1840 1045 1882 est
1057 1829 1157 1882 Latina.
1172 1831 1256 1882 Potest
1266 1837 1338 1880 totns
1350 1845 1445 1882 versus

381 1911 435 1984 legi
447 1912 540 1966 eodem
554 1923 643 1965 tenore
657 1913 782 1966 orationis
796 1931 849 1986 qno
861 1913 1059 1984 praecedentes,
1073 1913 1108 1966 ita
1123 1921 1157 1966 ut,
1169 1913 1203 1964 sit
1214 1905 1370 1974 conclusio,
1387 1911 1441 1978 epi·

381 1993 519 2064 phonems3
533 2004 615 2064 potest
628 1995 680 2064 legi
694 1995 788 2047 eodem
803 2010 892 2048 tenore
906 2015 960 2068 quo
974 1995 1148 2068 insequentes,
1162 1995 1197 2050 tta
1210 2002 1237 2046 ut
1256 1990 1351 2044 abillo
1364 1990 1437 2043 obie-

384 2076 436 2130 ctio
449 2075 565 2146 incipiat.
590 2074 753 2128 Adulterum
767 2096 872 2130 sensum
885 2077 1053 2148 praetulerim
1065 2075 1205 2130 lectionem
1221 2075 1283 2140 boc,
1297 2091 1382 2146 quam
1402 2091 1444 2125 se·

382 2155 472 2228 quitur
484 2154 656 2208 casaubonus.
676 2158 748 2208 Pano.

317 2239 363 2290 Vs.
377 2245 433 2290 tttt.
450 2235 556 2291 Nescius
571 2231 688 2291 nauseis:
705 2250 770 2291 vetat
787 2247 836 2295 etc.
850 2237 927 2292 colon
940 2258 987 2312 pro
1000 2239 1075 2312 signo
1092 2238 1217 2310 interrog.

319 2319 361 2370 Vt.
377 2323 434 2371 ⁴07.
445 2317 583 2372 Evttnzdo.
1204 2337 1207 2342 ·

318 2399 365 2452 Vs.
380 2403 439 2452 tid.
454 2395 560 2451 Sessilis.
579 2399 653 2470 Legit
666 2382 778 2471 liconii.
791 2417 857 2451 unus
871 2401 1100 2470 omnium,fissiiis
1113 2417 1161 2469 pro
1174 2399 1275 2465 sessilis,
1288 2417 1378 2470 neque
1390 2417 1451 2460 mes,

385 2487 445 2544 net,
458 2497 509 2550 qun
523 2478 548 2531 id
564 2479 639 2532 faciat
650 2480 730 2532 lretus
744 2481 903 2532 auctoritate.
929 2477 1027 2533 Sessilis
1040 2489 1078 2532 est
1095 2477 1288 2550 probatissimae
1309 2476 1450 2532 latinitatis

388 2557 461 2624 (vid.
476 2557 583 2612 Facciol.
598 2557 718 2626 lexicon)
732 2576 889 2631 sensumque
904 2559 981 2612 edicit
998 2559 1075 2630 longe
1088 2558 1224 2629 potiorem.
1242 2557 1317 2610 Pau.

320 2639 366 2692 Vs.
382 2643 438 2693 tttt.
453 2637 580 2692 Modesto.
594 2669 628 2685 -
641 2641 687 2694 Vs.
702 2647 759 2695 stt.
772 2637 914 2693 Neomare.
927 2713 929 2718 Α

816 2763 877 2814 San.
894 2763 942 2816 Vl.

323 2844 369 2895 Vs.
387 2851 411 2897 3.
428 2842 455 2897 V
456 2863 534 2897 noun.

324 2925 369 2977 Vs.
387 2931 412 2979 6.
429 2925 564 2996 Egregios.
588 2925 631 2978 Sic
642 2925 728 2978 lerunt
740 2925 817 2982 MSS.
831 2927 884 2980 mei
893 2943 985 2980 omnes
994 2941 1001 2992 5
1011 2924 1053 2978 ein
1065 2923 1184 2997 plerique
1195 2924 1342 2980 ediderunt.
1359 2925 1452 2978 Possit

392 3007 454 3060 vero
468 3008 583 3078 lioeuig:
597 3007 752 3078 “Egregius
765 3008 854 3064 iusisse
869 3021 951 3064 unct.
964 3045 982 3072 .,
999 3006 1052 3062 scd
1067 3009 1209 3066 convenire
1220 3009 1265 3060 vix
1278 3015 1368 3078 potest
1379 3027 1453 3078 egm-

391 3093 448 3158 gius
460 3088 488 3142 in
500 3100 571 3142 reetn
583 3107 644 3142 casu
657 3107 716 3144 cum
737 3091 799 3142 mne
814 3089 922 3162 opifex,
945 3091 974 3144 in
996 3092 1128 3152 omuino,
1149 3107 1311 3160 quamquam
1326 3107 1358 3141 ea
1376 3089 1411 3142 de
1425 3108 1452 3141 re

395 3178 501 3240 possunt
522 3171 606 3228 afferri
626 3170 752 3242 exempla.
776 3170 828 3226 Sed
850 3169 914 3244 quid
928 3181 968 3226 est
985 3191 1032 3226 eur
1052 3171 1160 3228 desudes
1178 3171 1206 3223 in
1227 3171 1304 3224 bibi.
1322 3169 1453 3224 Codicum

394 3251 506 3306 lectione
518 3251 695 3315 immutanda,
709 3271 793 3324 quum
807 3273 914 3306 ausum
927 3255 1020 3308 alliciat
1034 3264 1077 3308 tun
1090 3251 1131 3307 vel
1146 3251 1300 3324 potiorem?

329 3335 372 3387 Vs.
389 3339 429 3389 39.
438 3332 567 3388 Nostrum.
582 3335 804 3406 listindignnntis,
816 3333 1075 3408 quemsdmodumin
1086 3337 1112 3402 Ι,
1124 3341 1149 3388 as
1160 3341 1177 3368 “
1185 3334 1309 3388 Nostrum
1320 3335 1423 3388 vivere.
1436 3371 1453 3398 „

328 3416 374 3468 Vs.
391 3419 432 3468 66.
448 3412 560 3470 Stadios.
624 3431 644 3488 ,t

328 3497 374 3550 Vs.
389 3503 430 3550 77.
444 3495 555 3552 Poene.
565 3497 695 3552 insidiosa
712 3518 763 3552 vox
776 3508 832 3560 est.
845 3519 896 3572 qus
911 3497 1062 3569 indignatur
1074 3497 1211 3550 bominum
1226 3515 1281 3550 esse
1294 3497 1451 3568 pastionem,

395 3579 469 3632 sicuti
480 3578 617 3649 pecudum.
635 3583 734 3634 Fuunt
747 3586 813 3634 8⁰⁵⁵
830 3591 856 3634 et
877 3585 943 3648 8070
955 3573 1076 3651 pluuisse
1082 3600 1092 3642 ,-
1113 3581 1184 3650 prior
1201 3589 1289 3632 tannen
1306 3579 1450 3649 suprascri-

396 3667 470 3728 ptum
484 3658 560 3711 habet
573 3663 676 3730 pavisse.
693 3659 781 3714 Edunt
791 3671 817 3712 et
830 3659 958 3728 quaedum
971 3659 1454 3722 ntensbranaeclnusisse.Casaubonus.

397 3741 514 3792 Prataeus
522 3780 530 3804 ,
543 3744 646 3812 lineuig
662 3751 689 3794 et
700 3740 848 3796 Franciscns
866 3745 976 3806 Passow,
989 3740 1120 3794 editorum
1133 3739 1284 3808 lectissimi,
1298 3749 1454 3812 receperunt

398 3820 535 3890 pinnenses
547 3820 596 3874 buc
610 3821 667 3893 ipso
680 3823 750 3894 qnod
765 3824 847 3895 ningis
861 3822 1018 3894 exquisitum
1038 3824 1163 3894 citatque
1177 3821 1240 3874 adeo
1252 3823 1334 3874 Persii
1351 3840 1452 3874 conse·

398 3901 512 3954 pientius
528 3902 650 3974 ingeni05
665 3915 691 3956 et
709 3903 831 3978 quidem,
850 3905 918 3976 quod
936 3923 1041 3957 sensum
1055 3903 1147 3958 efficiat
1160 3903 1332 3976 probabilem,
1340 3901 1455 3957 similent

400 3981 460 4035 hnic
473 3984 540 4049 npnti
553 3985 647 4056 Virgil.
660 3987 754 4057 Georg.
768 3989 818 4053 ill,
835 3993 899 4040 tta:
920 3987 985 4038 Twn
1001 3986 1165 4057 magistrique
1179 3991 1261 4058 ntngis
1274 3985 1380 4037 insidis
1391 4001 1454 4054 gm-

399 4065 457 4116 dore
469 4067 585 4136 magistri
613 4067 753 4130 Lanatus,
768 4080 792 4120 et
804 4063 904 4138 plausae
925 4072 1031 4120 consitum
1048 4070 1148 4120 cervicis
1160 4086 1253 4120 amore.
1271 4065 1339 4134 Quia
1354 4064 1449 4116 uendi·

400 4155 452 4212 tor,
465 4146 628 4201 servendum
641 4149 784 4219 exponebat
798 4151 824 4202 in
837 4158 927 4202 catasta
941 4145 1063 4214 venales,
1076 4149 1225 4202 attrectabat
1241 4156 1267 4199 et
1281 4145 1371 4218 palma
1382 4145 1453 4216 pinu·

401 4231 483 4294 dedat,
497 4240 627 4284 ostentans
639 4231 824 4304 pinguedinem.
837 4233 935 4285 Verum
948 4232 1035 4301 rigida
1048 4243 1143 4284 catasta
1155 4251 1208 4284 non
1221 4249 1250 4283 ea
1264 4231 1344 4282 fuisse
1354 4228 1456 4281 videtur

401 4311 429 4363 in
444 4331 493 4382 qna
506 4313 574 4366 servi
587 4320 738 4382 prostarent,
745 4311 789 4364 sed
801 4331 830 4365 ea
840 4329 893 4385 qua
906 4313 1015 4366 interius
1027 4324 1219 4369 asservarentur
1232 4311 1413 4385 pulchriores,
1427 4321 1454 4364 et

399 4395 506 4464 pingues
522 4406 685 4463 pascerentur.
704 4395 776 4448 Prin.
