3120 5494
293 333 387 478 dire
780 364 914 424 neuneu

276 564 474 644 'claudere
489 570 542 644 sie
569 591 719 643 versum
750 562 904 654 didicit,
922 565 1191 668 Bemtyntleius
1213 568 1339 644 Attin.

289 686 359 775 Et,
377 691 442 787 qui
461 685 676 758 oaeneleum
688 681 888 756 dirimebat
899 682 1027 760 Nerea
1043 681 1204 783 delphin.

291 798 373 894 Sin,
388 816 532 875 costum
552 801 669 898 longo
685 797 943 878 autminus,
953 801 1164 898 Apennino.
1380 838 1419 885 95

291 987 345 1032 tem
361 976 500 1032 inducere:
528 975 589 1042 llls,
611 995 676 1046 quse
699 976 826 1047 disputnts
876 977 977 1050 legetur
996 978 1106 1044 didies't,
1126 977 1218 1031 dursm
1236 978 1421 1050 esseellipsin.

290 1071 353 1114 sunt
367 1059 401 1114 de
428 1071 532 1116 tumore
557 1071 709 1115 nostrornm
735 1065 824 1130 μυξω-
876 1063 979 1116 Verum
999 1059 1062 1126 hot,
1084 1061 1129 1114 sed
1144 1062 1261 1117 oburrrit
1288 1081 1343 1116 uon
1360 1063 1417 1116 mi·

291 1163 368 1211 sum,
381 1145 414 1200 de
432 1149 599 1218 entiqusrum
618 1147 755 1200 uerborum
768 1156 825 1199 stu·
878 1161 929 1198 nus
940 1144 1006 1198 durs
1020 1163 1045 1196 v.
1058 1149 1101 1199 85.
1114 1155 1142 1198 et
1153 1145 1237 1198 nudis
1252 1144 1301 1198 ills
1310 1147 1419 1200 rstione

293 1228 354 1293 dio,
379 1229 413 1282 de
438 1229 500 1284 srtis
526 1231 699 1284 ostentatione
713 1229 740 1282 in
754 1229 826 1281 edhi-
878 1225 993 1282 sbsolute
1012 1226 1124 1297 positum
1143 1247 1191 1299 pro
1212 1229 1332 1282 versibus
1353 1247 1412 1281 non

292 1311 385 1366 bondis
398 1311 621 1384 ligurisinmedio
634 1311 828 1381 ismrelinqus·
878 1311 939 1366 setis
962 1310 1063 1368 levibus
1086 1321 1113 1364 et
1129 1311 1245 1364 molliter
1268 1311 1418 1366 desinenti-

294 1413 366 1462 mus;
378 1396 422 1449 sed
439 1395 488 1450 hoe
504 1395 598 1450 ssltens
612 1397 701 1468 uegsri
718 1415 771 1449 non
785 1416 829 1466 po-
878 1393 944 1458 lsus,
961 1413 1044 1464 seque
1059 1393 1157 1448 &rum
1170 1393 1299 1448 existimo.

230 1525 237 1542 ,
294 1488 361 1544 test,
376 1480 497 1534 iunctura
514 1478 589 1532 molli
611 1479 726 1532 sdlsilsits
740 1499 829 1536 uersus
912 1485 1022 1534 tlt-9⁵.
1052 1479 1233 1548 Bereerntlsius
1263 1479 1340 1532 Attin
1364 1491 1418 1534 eet.

294 1561 350 1618 fieri
370 1564 529 1618 venustiores
545 1572 571 1615 et
584 1561 773 1632 elegantiores,
789 1573 830 1617 nt·
879 1563 947 1616 ilsec
960 1561 1049 1626 verbs,
1061 1560 1149 1614 utdssn
1161 1573 1297 1630 soquentes
1311 1579 1416 1626 umus,

295 1662 345 1714 que
362 1644 390 1698 in
407 1644 456 1698 hoc
472 1649 616 1716 superiores
637 1649 723 1716 peltes
736 1646 828 1711 sbiie,
879 1643 990 1714 exceptis
1004 1645 1043 1698 Et
1066 1655 1092 1700 et
1110 1643 1154 1698 Sin
1173 1644 1201 1697 in
1215 1645 1361 1715 principiis,
1377 1665 1413 1698 ex

296 1743 361 1798 qnos
386 1741 474 1784 nustrs
499 1740 569 1786 setes
591 1730 730 1802 produxit,
754 1729 831 1784 lscils
879 1728 994 1784 rumine
1018 1727 1153 1784 nuiusdsm
1168 1733 1259 1797 potue
1280 1729 1417 1799 desrsmptn

295 1814 419 1884 superori.
879 1824 949 1874 sunt.
961 1814 1035 1868 Attin
1048 1825 1135 1884 pauor
1148 1813 1412 1886 Phryginsscyhele
1442 1857 1445 1864 .

330 1901 373 1951 92,
397 1895 528 1967 Equidem
539 1898 584 1952 'sic
602 1899 679 1952 verbs
701 1897 830 1970 iungends
881 1907 998 1964 metus,
1018 1898 1092 1952 ouius
1112 1897 1199 1952 isbuln
1211 1898 1322 1952 obscure
1338 1907 1414 1952 estet

297 1993 373 2051 puto:
389 1985 434 2038 sed
447 1989 558 2037 unusne
568 1985 661 2040 addita
673 1987 748 2038 deeor
759 1997 795 2038 eu
807 1997 831 2038 et
881 2001 976 2052 magns
987 1981 1140 2036 narrationis
1153 1982 1281 2056 rnrietste
1289 1981 1414 2052 inplicits.

298 2069 404 2118 menteris
430 2069 518 2120 nudis.
540 2067 658 2120 lmsetnrn
680 2070 777 2139 optime
803 2079 831 2122 et
880 2066 984 2122 ttamen
1001 2066 1089 2136 ipsunt
1106 2066 1177 2118 vsrie
1193 2067 1322 2135 seriptum
1336 2065 1411 2119 exti-

297 2151 371 2202 suuvl
385 2150 525 2204 verborum
537 2151 698 2205 connexione
711 2163 737 2205 et
750 2169 831 2222 copu·
881 2149 1087 2211 belum—Plura
1098 2149 1132 2202 de
1143 2147 1190 2204 illu
1204 2149 1281 2204 hebet
1291 2151 1417 2219 Doesing.

298 2231 394 2286 lstione
410 2233 555 2288 oontiuetnr
578 2237 699 2305 (Quintil.
720 2239 759 2300 X,
777 2240 829 2304 t.)=
882 2235 1022 2312 nqutull.
1042 2239 1132 2290 LXlll.
1189 2237 1418 2308 Berecyntln'rn,s

299 2333 383 2384 neque
396 2335 410 2369 n
423 2319 504 2387 po'e'tis
520 2319 607 2388 utique
619 2330 657 2372 est
668 2319 831 2393 negligendn.
881 2319 1041 2394 Berecyntho
1068 2321 1195 2394 Phrygiae
1220 2332 1316 2375 monte.
1327 2343 1353 2376 r.
1373 2327 1415 2374 9⁴.

300 2401 389 2454 llornt.
407 2401 434 2454 in
452 2413 506 2456 srte
526 2409 556 2457 47
576 2423 646 2474 seqq.
660 2405 759 2456 Verum
772 2423 832 2475 grs-
882 2400 971 2458 Nerea
981 2423 1029 2476 pro
1042 2422 1123 2458 suere.
1137 2403 1224 2458 Vsler.
1235 2405 1348 2467 Fiscul,
1357 2408 1415 2456 450.

301 2484 414 2540 uioribus
427 2487 550 2560 neglectis
566 2487 634 2542 illius
646 2489 724 2542 nimis
734 2489 833 2542 curiose
882 2487 1004 2557 Delphin.
1021 2489 1080 2555 Quo
1102 2485 1256 2553 sdludstur,
1273 2505 1329 2541 non
1342 2485 1418 2539 facile

301 2577 327 2620 et
338 2568 426 2636 putide
440 2569 619 2624 observetions
633 2589 764 2624 summum
773 2573 832 2640 poi·
882 2571 992 2624 dixeris:
1005 2570 1050 2626 slii
1063 2581 1151 2641 putent
1163 2570 1195 2624 sd
1209 2581 1297 2624 uotsm
1311 2569 1419 2624 Arionis

301 2667 358 2704 seos
368 2653 495 2708 contineri
519 2653 709 2708 srlsitrelsnrttur
724 2656 831 2722 scripto·
883 2652 998 2710 titutum
1014 2655 1094 2708 Ouid.
1107 2657 1175 2708 ran.
1192 2656 1224 2718 ll,
1237 2659 1271 2708 79
1283 2673 1355 2722 seqq.
1368 2653 1419 2720 (cl.

300 2751 358 2800 res,
384 2753 445 2788 nens
463 2755 495 2790 es
518 2739 665 2806 argumenti
692 2737 833 2806 dignitate,
883 2737 1001 2792 Brouckls
1033 2737 1066 2790 sd
1084 2740 1201 2806 Propert.
1227 2739 1267 2802 ll,
1293 2739 1420 2803 2⁰,tt.)

301 2817 418 2872 ubertnte
431 2821 604 2885 inuentionis,
617 2823 765 2890 expertium
773 2839 833 2874 nou·
884 2822 1023 2886 Meisterus
1030 2821 1062 2874 sd
1076 2806 1326 2892 de'lplsinum,quem
1335 2820 1420 2886 Attin,

301 2899 426 2958 locatione
438 2905 557 2976 diligenti
567 2918 594 2961 et
606 2917 676 2978 epta,
687 2925 717 2959 es
731 2919 833 2962 seuten-
884 2905 1013 2977 Phrygius
1027 2905 1154 2969 Baculus,
1174 2917 1203 2958 ut
1217 2913 1289 2974 putst
1299 2945 1307 2968 ,
1317 2903 1419 2974 prudn-

300 2984 396 3040 tinrum
411 2989 536 3058 gravitate
549 3002 576 3044 et
589 2989 702 3062 pondere
714 3029 722 3052 ,
732 3008 831 3043 esven·
884 2991 938 3056 xit,
957 2989 1094 3062 lnudstque
1108 2989 1185 3044 Ouid.
1195 2991 1340 3052 uterum,
1359 2993 1421 3042 ⁵97.

301 3071 395 3124 burm
418 3075 573 3144 proprietate
599 3075 756 3130 esrminibns
780 3076 834 3131 suis
884 3076 934 3146 (sic
950 3075 1035 3129 fumun
1050 3092 1189 3144 operarum
1206 3073 1271 3127 vnto
1289 3071 1423 3126 loeusde·

301 3154 407 3209 leudem
418 3177 542 3229 quaerere
556 3177 608 3212 non
621 3169 675 3212 erut
688 3163 833 3230 po'e'turum,
886 3160 1023 3230 signetur).
1042 3160 1153 3210 Versum
1166 3161 1199 3211 95
1217 3156 1293 3226 plane
1304 3175 1358 3208 non
1373 3158 1418 3208 in·

302 3239 346 3310 qui
359 3259 375 3293 s
389 3241 482 3294 Nostro
493 3243 723 3314 reprehenduntur.
745 3263 832 3298 nume·
885 3242 984 3315 telligo.
996 3241 1134 3296 Meisterus
1146 3241 1284 3302 existimet,
1294 3241 1333 3292 Et
1341 3250 1368 3292 et
1376 3239 1422 3293 Sie

303 3325 337 3376 ris
351 3325 474 3380 versibus.
488 3328 598 3380 sendus
616 3329 680 3382 cibis
692 3330 797 3383 incoctis
811 3341 837 3384 et
884 3327 919 3380 sd
932 3343 1021 3380 versus
1034 3324 1269 3378 laudatossl‘ersio
1280 3323 1422 3394 pertinere,

302 3407 441 3464 inmnturis
455 3413 573 3484 frugibus
590 3425 731 3484 surruptum.
745 3417 835 3468 enectos
884 3410 972 3480 ltaque
999 3407 1085 3462 locum
1109 3407 1260 3480 distinguit:
1294 3407 1421 3478 Ber-equ·

303 3512 416 3549 numeres
439 3515 482 3549 eos
499 3496 632 3569 intelligo,
652 3497 694 3568 qui
712 3499 837 3554 nonsatis
886 3495 950 3546 tlsins
961 3493 1037 3546 Attin
1049 3495 1088 3546 Et
1102 3497 1145 3562 qui
1157 3491 1294 3545 enensleunr
1311 3491 1423 3542 dirime-

304 3577 410 3646 nnpoliti
423 3590 496 3640 sunt,
515 3582 541 3634 iu
552 3580 837 3650 quibusomninniness
886 3577 929 3628 bot
941 3573 1027 3630 Nerea
1036 3575 1153 3646 delphon
1173 3573 1216 3628 Sin
1231 3585 1327 3628 ondens
1339 3573 1422 3641 longo

304 3657 420 3730 aliquid,
439 3662 510 3732 quod
525 3663 657 3718 obleniat.
676 3663 724 3717 Vel
745 3664 833 3718 liuius·
886 3661 1043 3714 ntuetnu
1059 3661 1201 3730 Apennino.
1218 3659 1268 3728 ngt
1293 3667 1365 3726 putet
1388 3655 1422 3707 tle

304 3745 377 3801 enodi
402 3748 535 3811 versibus,
560 3749 643 3819 iuquit
659 3749 836 3815 aduersarius,
885 3744 980 3800 itinere
992 3744 1126 3796 maritimo
1141 3743 1314 3812 quorumdum
1328 3762 1358 3794 ex
1374 3759 1419 3793 os·-

304 3830 425 3884 slecorern
446 3833 579 3886 conciliari
597 3853 669 3904 posse
687 3835 814 3890 iunctura.
888 3827 951 3880 dine
962 3825 1127 3880 secerdotum
1143 3825 1253 3897 Cybeles
1266 3843 1311 3878 seu
1325 3824 1419 3878 Gnllo·

340 3920 381 3972 93.
400 3916 523 3970 Claudere
538 3924 575 3972 sie
591 3937 685 3972 versum
698 3919 789 3971 didicit
802 3937 838 3974 so.
888 3929 967 3976 nrm,
990 3923 1068 3981 etque
1085 3911 1289 3980 ltocunmpsrsri
1302 3927 1361 3962 cuns
1381 3908 1423 3961 iti·
1501 3921 1507 3933 ·

306 4007 393 4052 nmtsr
417 4003 504 4070 poe'ts,
527 4000 571 4072 qui
599 4005 679 4073 uulgo
705 4003 837 4072 probetur.
889 4015 952 4050 nere
965 3998 1038 4052 Altis.
1056 3995 1423 4059 Senurm,sit,esse:lllsrs

307 4084 398 4136 didicit
410 4101 457 4152 pro
468 4081 540 4138 solet.
555 4085 690 4138 Meisterus
704 4087 740 4138 sie
753 4085 835 4139 inter·
887 4079 1032 4148 senuimus,
1050 4089 1080 4133 ut
1097 4081 1171 4132 Attin
1185 4089 1305 4149 petronus
1317 4087 1420 4140 noster,

306 4166 411 4238 pungite
428 4168 472 4220 sed
485 4171 591 4222 muneris
605 4171 680 4224 decor
689 4181 723 4222 est
731 4193 740 4234 3
754 4175 837 4222 stirne·
888 4175 920 4220 ul
945 4163 1066 4234 delphin,
1083 4183 1164 4234 quem
1187 4163 1310 4217 Sabazius
1331 4169 1420 4216 noster

308 4263 395 4316 utura,
420 4253 510 4306 addito
525 4253 622 4316 cnuti,
650 4253 773 4308 Claudere
800 4255 837 4304 sio
888 4248 1020 4321 produxit,
1046 4257 1121 4318 etque
1145 4248 1180 4300 ita
1197 4243 1278 4317 longo
1290 4245 1423 4318 Apennini

309 4355 403 4393 verum
423 4338 521 4392 stante
531 4339 576 4394 nte
588 4339 658 4396 entur
669 4379 677 4406 ,
689 4339 711 4397 si
724 4335 840 4396 absolute
890 4334 965 4389 dorso
982 4341 1079 4386 nostum
1100 4333 1248 4403 (purtem)
1270 4331 1421 4401 eripuimus
