3056 5490
533 470 686 530 stt'tttt
722 471 763 534 V.

105 671 301 746 Incusser'e
317 671 408 746 deos
426 670 601 748 inflantes
620 697 804 778 corpora,
823 677 852 749 si
874 701 952 750 non
1051 723 1053 732 ‚

104 787 344 862 Praedictum
362 805 546 864 termane
564 807 678 894 caput
698 796 905 894 gustaveris
923 789 1000 868 alll.

154 904 300 979 Dixeris
316 906 409 980 haec
426 909 527 981 inter
545 910 731 983 varicosos
746 911 1011 984 centuriones:

102 1020 293 1096 Continuo
312 1046 477 1097 crassum
494 1021 594 1097 ridet
605 1021 807 1098 Vulfenius
824 1026 969 1126 ingens,

102 1138 152 1211 Et
171 1153 322 1213 centum
342 1141 506 1216 Graecos
526 1156 635 1214 curto
654 1158 828 1216 centusse
847 1140 997 1216 licetur.

102 1341 149 1412 ptii
176 1342 320 1396 sacerdotes
336 1345 364 1398 in
387 1346 465 1398 sacris
489 1343 562 1398 leidis
583 1354 638 1397 ute·

102 1425 214 1491 hantur3
236 1426 359 1495 putabunt
373 1445 492 1498 quoque,
513 1427 578 1480 illud
594 1427 638 1481 ha·

102 1509 164 1562 here
178 1509 232 1563 vim
246 1511 404 1578 tempestatis
418 1510 554 1564 sedandae.

139 1601 196 1649 487.
212 1594 337 1647 Incurrere
355 1597 414 1648 deos
438 1616 484 1666 pro
509 1597 637 1649 incussere

103 1691 202 1732 metum
220 1678 338 1732 (leorum.
382 1682 501 1750 instantes
516 1701 636 1752 corpore:

103 1761 214 1832 pertinet
229 1761 279 1814 hoc
304 1762 336 1815 orl
358 1763 444 1816 ulcera
461 1774 486 1816 et
510 1774 637 1828 tumores,

104 1845 196 1916 quibus
208 1843 268 1918 Syri
290 1845 411 1899 homines
431 1847 535 1900 obnoxii
549 1858 638 1912 erant,

103 1947 265 2000 quorumque
278 1948 380 1982 causam
393 1928 455 1980 deae
466 1929 557 2002 Syriae
569 1929 637 1982 adsi·

103 2013 231 2082 gnabant3
246 2011 375 2066 Plutarch.
388 2012 420 2065 de
435 2014 567 2081 Superstit.
582 2032 636 2082 cap.

104 2099 129 2147 9.
143 2098 177 2148 T,
191 2097 256 2148 Vltt.
277 2115 302 2166 p.
325 2101 366 2148 76.
392 2094 433 2148 etl.
448 2099 519 2148 tiutt·
539 2095 585 2152 τὴν
607 2093 637 2149 til

104 2178 198 2253 Συρίαν
210 2177 270 2232 θεὸν
285 2175 309 2230 οἱ
321 2174 503 2248 δεισιδαίμονες
515 2181 633 2248 νομίζον·

104 2277 156 2322 σιν,
170 2258 201 2310 ἄν
218 2257 326 2332 μαινίδα
344 2259 380 2322 τίς
397 2260 637 2335 ἧὰφὺαςφοὶγῃ,το“ι

103 2343 261 2414 ἀντικνήμια
278 2339 411 2408 διεσθίειν,
424 2342 505 2396 ἕλκεσι
519 2343 548 2396 τό
562 2349 638 2412 σῶμα

107 2427 264 2496 πιμπλάναι,
277 2427 411 2483 συντήκειν
425 2427 453 2481 τὸ
467 2423 548 2497 ἧπαρ.

139 2515 197 2564 488.
212 2508 326 2564 Pertinet
339 2509 389 2562 hoc
401 2511 432 2563 sd
451 2508 637 2580 superstitiosus

102 2592 236 2664 opiniones
251 2611 343 2663 parum
357 2603 440 2648 notns.

137 2675 636 2730 senmourmae.Nosterdtoerevutr:

101 2758 240 2830 sequidem
253 2759 635 2830 nonignorare,philosophiam

101 2843 326 2915 philosophiaeque
339 2844 450 2898 cultores
464 2846 496 2898 ab
509 2845 635 2915 imperitis

102 2927 239 2996 literasque
260 2931 350 2992 exosis,
365 2947 412 2998 pro
432 2928 526 2999 quihus
545 2939 635 2981 centu-

101 3011 187 3063 riones
204 3009 303 3079 posuit,
318 3011 449 3064 contemni
462 3029 491 3064 ac
513 3010 634 3064 derideri.

103 3093 136 3150 V
131 3098 239 3148 arieonss
251 3093 353 3166 proprie
366 3093 397 3163 is,
405 3094 451 3166 qui
466 3092 571 3162 varices,
583 3093 600 3147 i.
608 3113 632 3149 e.

1176 1065 1225 1116 490

690 1365 768 1400 venas
780 1345 994 1410 intumescentes,
1008 1344 1036 1398 in
1050 1345 1222 1400 cruribusha·

688 1429 747 1491 ber,
765 1429 790 1482 h.
808 1428 826 1481 l.
841 1429 873 1482 ad
892 1429 1003 1499 speciem
1017 1431 1133 1500 corporis
1151 1429 1220 1483 mili·

689 1519 772 1564 tarem
795 1521 905 1580 spectat5
929 1507 1063 1580 praecipue
1093 1511 1164 1562 enim
1195 1513 1224 1564 in

688 1591 761 1644 omni
776 1591 848 1646 cultu
874 1591 991 1662 neglecto
1017 1603 1042 1645 et
1067 1593 1094 1645 in
1111 1593 1224 1662 quadem

687 1675 828 1728 rusticitate
865 1675 988 1728 virtutem
1017 1676 1127 1746 positam
1161 1688 1224 1731 tunc

686 1758 810 1828 temporis
823 1757 920 1812 milites
934 1759 1124 1814 existimabant.

723 1847 781 1896 490.
798 1842 912 1895 Granum:
920 1844 984 1895 ridet
993 1863 1039 1914 pro
1053 1863 1135 1896 erasse
1146 1842 1222 1910 ridet,

687 1923 715 1976 in
737 1925 817 1978 risum
843 1925 985 1978 effunditur
1005 1926 1116 1979 rusticus
1137 1925 1224 1980 illest

686 2009 811 2079 stupidus.
845 2013 942 2080 ingens.
968 2011 1089 2080 Corporis
1110 2011 1222 2080 proceri·

686 2101 737 2144 tate
749 2102 775 2144 et
787 2089 959 2160 amplitudine
982 2091 1080 2164 ingenii
1095 2093 1223 2164 exiguita-

687 2185 741 2228 tem
755 2177 847 2228 Noster
863 2175 992 2246 exprimit.
1018 2175 1146 2230 Theocrit.
1161 2179 1222 2242 XV,

688 2266 730 2312 47.
742 2259 808 2329 ἀνὴρ
815 2256 1018 2328 τρισκαιδεκάτην
1021 2278 1070 2330 χνς
1081 2259 1222 2330 ρσοιίιοιιοο

686 2340 802 2394 stolidus.

722 2427 779 2476 494.
815 2437 940 2488 renuere,
982 2424 1073 2478 decem
1115 2423 1221 2480 assibus.

688 2508 812 2571 Graecos,
853 2507 1034 2578 philosophos,
1069 2511 1222 2579 praesertim

686 2591 795 2644 Stoicos.
822 2590 963 2642 Summum
985 2600 1163 2660 contemptum
1176 2592 1218 2642 in·

686 2675 753 2730 dicat
765 2674 814 2730 hoc
822 2713 832 2738 ,
850 2675 1063 2746 quandoquidem
1082 2675 1223 2730 vilissimas

686 2771 788 2814 tautum
802 2778 844 2814 res
857 2762 995 2816 acervatim
1013 2772 1144 2816 emuntur.
1167 2764 1217 2814 Ce-

685 2854 771 2898 terum
788 2855 948 2914 quantopere
968 2843 1056 2898 omnia
1077 2863 1092 2896 a
1116 2842 1221 2896 Graecis

685 2928 800 2997 prosecta
816 2924 944 2997 plerisque
956 2926 1080 2980 Romanis
1099 2935 1217 2978 centent-

684 3009 740 3080 ptui
754 3011 867 3073 suerint,
882 3007 1010 3080 praeclare
1031 3007 1119 3063 docuit
1132 3007 1220 3062 tuno.

685 3094 718 3148 ad
735 3096 842 3149 Patron.
857 3099 900 3151 46.
