3098 5498
359 448 448 562 164

801 477 1025 539 tvvttttttts

399 681 489 770 Dic,
505 703 653 784 passer,
669 678 729 753 cui
747 693 804 754 tot
822 695 983 769 montes,
996 693 1053 754 tot
1069 679 1224 784 praedia
1241 707 1365 761 servas

348 795 520 901 Appula,
536 812 593 870 tot
613 794 740 874 milvos
759 798 859 868 intra
877 813 942 870 tua
960 793 1260 899 pascualassos?
1437 839 1471 887 55

348 913 404 988 Te
423 911 629 988 Trifolinus
650 941 738 1016 ager
756 911 926 987 fecundis
942 911 1078 988 vitibus
1099 912 1230 1017 implet

281 1033 283 1040 ’
348 1027 649 1135 Suspectumque
666 1033 794 1131 iugum
813 1031 936 1104 Cumis
957 1045 994 1103 et
1013 1031 1162 1104 Gaurus
1180 1031 1312 1105 inanis.

345 1145 441 1219 Nam
459 1149 543 1250 quis
561 1144 673 1250 plura
691 1143 777 1218 linit
794 1147 942 1220 victuro
962 1143 1064 1218 dolia
1081 1148 1235 1220 musto?
1250 1165 1254 1172 ·

344 1261 538 1354 Quantum
555 1277 636 1335 erat
655 1262 823 1335 exhausti
840 1257 988 1336 lumbos
1007 1259 1151 1334 donare
1171 1260 1318 1355 clientis

343 1374 542 1478 iugeribus
567 1380 724 1480 paucis?
740 1375 922 1452 meliusne
938 1377 1000 1449 hic
1019 1379 1181 1452 rusticus
1198 1377 1357 1465 infans‚'
1432 1415 1467 1465 ω

343 1493 437 1565 Cum
457 1499 574 1568 matre
593 1509 630 1567 et
649 1493 783 1569 casulis
800 1511 839 1568 et
856 1491 1045 1569 collusore
1063 1491 1222 1584 catello,

343 1607 521 1710 Cymbala
539 1609 721 1713 pulsantis
738 1609 902 1714 legatum
920 1609 985 1686 fiet
1004 1613 1142 1684 amici?

340 1723 540 1828 Improbus
557 1751 616 1816 es,
635 1753 754 1827 quum
770 1728 913 1830 poscis,
934 1727 1008 1800 ais:
1028 1725 1094 1798 sed
1112 1727 1245 1828 pensio
1265 1721 1394 1798 clamat
1403 1783 1417 1817 ,

340 1840 458 1920 Posce
468 1864 478 1928 3
497 1838 565 1914 sed
584 1839 750 1943 appellat
767 1867 864 1943 puer
878 1843 1034 1930 unicus,
1050 1857 1094 1912 ut
1113 1837 1336 1942 Polyphemi

340 1955 434 2027 Lata
453 1957 571 2046 acies,
591 1982 793 2058 perquam
813 1953 945 2030 sollers
965 1959 1081 2031 evasit
1099 1955 1238 2032 Vlixes.
1421 1995 1455 2042 ὃς

339 2067 448 2144 Alter
468 2069 647 2146 emendus
668 2074 761 2160 erit;
782 2097 943 2173 namque
963 2071 1023 2144 hic
1042 2097 1122 2145 non
1136 2075 1290 2146 sufficit:
1311 2071 1419 2147 ambo

337 2184 530 2265 Pascendi.
556 2185 655 2282 Quid
675 2213 779 2289 agam
798 2187 960 2260 bruma?
987 2191 1153 2291 spirante
1184 2186 1299 2288 quid,
1319 2213 1410 2278 oro,

338 2301 440 2394 Quid
459 2301 579 2376 dicam
599 2301 760 2406 scapulis
781 2329 987 2406 puerorum
1004 2300 1193 2403 Aquilone
1215 2301 1414 2376 Decembri

340 2419 390 2493 Et
406 2419 594 2522 pedibus?
622 2418 755 2495 durate
775 2438 887 2525 atquc
906 2423 1116 2524 exspectate
1133 2419 1300 2494 cicadas?
1359 2457 1362 2462 Α

337 2675 422 2746 recepi
436 2693 494 2728 eum
503 2674 566 2729 hch.
580 2694 607 2730 v.
621 2679 726 2731 Comm.
740 2652 870 2729 Heineelie

337 2755 501 2808 scribendum
515 2766 601 2808 censet
613 2759 707 2822 tradar,
725 2758 773 2810 hoe
786 2753 884 2809 sensu?

337 2837 464 2908 postulat,
485 2849 513 2892 ut
527 2837 639 2892 calendis
650 2839 770 2892 femineis
783 2840 869 2892 veniae

336 2921 459 2988 iuxtaque
472 2940 531 2972 eum
546 2923 573 2973 in
585 2921 704 2974 cathedra
717 2923 808 2974 sedens
820 2933 868 2974 tra·

337 3002 383 3056 das
391 3022 498 3056 munera
511 3017 613 3058 secreta.
628 3005 678 3058 Sed
692 3023 774 3074 neque
783 3025 869 3058 enten-

337 3083 407 3138 datio
420 3083 491 3148 haec,
505 3104 586 3154 neque
596 3085 771 3156 interpretatio
780 3085 868 3139 multis

336 3163 466 3217 arridebit.
485 3165 651 3218 Praestitiaset
668 3165 771 3218 saltem:
794 3166 867 3218 etcui

334 3259 412 3304 arata
426 3249 628 3318 posito-tradas
644 3259 691 3302 cet.
710 3249 812 3302 Mireria
826 3258 864 3301 tau

319 3344 412 3393 ,men,
431 3348 484 3384 uon
506 3327 591 3399 plures
608 3329 688 3400 intpp.
707 3329 816 3382 haesisse
838 3330 865 3383 in

333 3407 407 3482 vulg.
429 3409 551 3477 lectione,
570 3431 651 3480 quae,
665 3413 686 3465 ei
701 3412 762 3481 quid
777 3413 865 3480 video,

333 3489 408 3562 plane
427 3493 512 3561 inepta
526 3504 571 3546 est.

368 3581 409 3629 st.
427 3578 583 3647 enipi-cedia
599 3581 636 3630 46,
649 3583 689 3628 44.
708 3583 748 3630 ta.
769 3583 807 3628 tt.
821 3583 863 3631 24.

333 3656 378 3710 22.
395 3667 422 3710 44
438 3657 541 3726 quidam
559 3657 632 3711 codd.
647 3659 725 3711 Paris.
743 3679 807 3728 qnos
820 3678 860 3712 se·

332 3751 407 3795 culus
421 3751 459 3795 444
473 3741 536 3794 Ach.
551 3755 575 3794 et
586 3745 691 3812 praedia
708 3749 746 3796 tt.

367 3832 408 3880 55.
428 3829 528 3898 Apprda
550 3847 595 3896 pro
617 3829 702 3898 Apula
723 3828 807 3898 recepi
833 3847 863 3880 ex

330 3913 372 3962 48.
393 3915 432 3963 49.
455 3913 497 3961 23.
514 3913 555 3961 24.
578 3916 619 3964 46.
641 3916 681 3963 47.
704 3917 745 3963 49.
764 3917 861 3965 54460.

329 3996 373 4045 62.
387 3999 427 4046 64.
441 3998 481 4045 65.
496 3999 536 4045 68.
557 3997 647 4045 69.74.
663 3997 704 4047 72.
719 4001 798 4047 taut
811 4013 862 4046 nte·

329 4084 371 4127 tro
385 4074 540 4128 consulatur.
556 4095 580 4127 ν.
592 4077 695 4128 Excure.
710 4076 741 4128 ad
755 4079 807 4130 Sat.
817 4079 861 4142 tv,

330 4157 438 4210 24-27.
454 4168 559 4209 estn-
572 4161 637 4208 inter
655 4161 697 4210 25.
711 4163 751 4210 48.
764 4163 805 4213 56.
820 4165 860 4212 57.

332 4241 423 4296 59-60.
437 4245 479 4292 65.

363 4325 404 4371 56.
421 4319 583 4388 Triphoh'mte
599 4325 641 4374 27.
653 4327 693 4376 48.
707 4328 745 4376 59.
757 4327 798 4378 60.
810 4329 851 4378 65.

364 4403 471 4453 60-62.
485 4421 510 4454 v.
520 4404 621 4456 Enetrrs.
640 4403 671 4455 ed
689 4401 715 4456 h.
726 4403 744 4457 Ι.

362 4491 403 4543 ta.
417 4489 455 4541 air
471 4503 571 4560 temper
595 4488 733 4562 legendum
752 4487 857 4562 putavi,

919 2687 945 2730 et
959 2693 1029 2729 nnnc
1042 2676 1125 2746 recepi
1140 2695 1170 2728 ex
1189 2681 1229 2730 44.
1245 2683 1289 2730 45.
1301 2684 1343 2730 47.
1361 2681 1449 2730 {Mt
1543 2717 1544 2724 ,

919 2770 944 2813 44
961 2763 1018 2812 ΙΙΙΙΙ
1037 2759 1111 2812 codd.
1128 2759 1207 2813 Paris.
1228 2759 1337 2826 (ntea,
1357 2761 1448 2813 Maza·

918 2843 984 2906 rim,
1005 2841 1120 2904 Pitheci,
1146 2843 1295 2906 Fauchetii,
1316 2842 1453 2895 Senatorio
1540 2839 1542 2900 j

918 2935 943 2977 et
961 2925 1043 2977 tribue
1063 2924 1141 2994 aliis).
1173 2929 1203 2978 ln
1221 2924 1325 2995 reliquis
1343 2928 1380 2976 nit
1396 2923 1453 2978 scil.
1539 2909 1541 2921 ¹

917 3011 995 3062 Virro
1012 3010 1170 3063 acinaedus.
1202 3011 1253 3063 Sed
1274 3011 1336 3063 haec
1357 3009 1453 3079 ellipsis

918 3092 981 3144 dura
993 3103 1048 3154 est,
1067 3103 1093 3144 et
1108 3091 1168 3144 inde
1188 3111 1244 3144 ar.
1261 3099 1301 3146 54.
1319 3091 1452 3144 Neevolus

917 3173 1048 3227 inducitur
1078 3175 1227 3244 colloquens
1253 3193 1312 3228 cum
1337 3178 1454 3228 Virroue

919 3257 960 3311 vel
979 3260 1135 3313 cinaedm·
1148 3263 1218 3330 pario
1231 3279 1287 3331 pro
1308 3265 1395 3330 petreio
1413 3261 1469 3324 le·⁸

916 3342 982 3412 gisae
1008 3343 1108 3395 videtur
1128 3343 1217 3396 Heius.
1240 3344 1271 3396 ad
1288 3343 1366 3396 Ouid.
1386 3344 1452 3398 Met.

915 3427 960 3487 ΙΙΙ,
974 3431 1030 3479 tte.
1044 3427 1103 3477 Non
1114 3426 1193 3478 male!
1221 3427 1261 3478 Cf.
1276 3445 1332 3497 sup.
1346 3428 1393 3490 Vl,
1408 3433 1452 3481 34.

915 3513 991 3628 3⁵itt.
1010 3587 1141 3646 postquam
1162 3576 1284 3630 emendat
1301 3578 1400 3647 Grang.
1419 3587 1450 3630 ut

914 3675 1002 3710 sensus
1020 3659 1069 3711 sit.-
1096 3663 1162 3710 Tam
1189 3657 1239 3712 alte
1261 3675 1304 3712 me
1322 3659 1452 3728 appellat,

913 3759 991 3809 quarn
1009 3741 1060 3796 alte
1082 3743 1271 3796 vociferabatur
1292 3743 1449 3815 Polrpheme'

912 3825 965 3877 late
978 3829 1059 3888 neira,
1081 3827 1106 3877 h.
1124 3847 1147 3878 e.
1175 3826 1364 3899 Polyphemus,
1378 3839 1450 3896 post·

912 3927 990 3978 qtram
1004 3911 1028 3962 ei
1041 3909 1169 3964 inebriato
1184 3909 1289 3982 Vlyeees
1299 3911 1394 3964 evasit:
1412 3913 1447 3965 de

912 3992 982 4044 cuius
995 3992 1112 4062 Cyclopis
1121 3993 1233 4048 clamore
1252 4015 1277 4046 v.
1294 3995 1446 4064 Virg.Aen.

911 4075 954 4135 ΙΙΙ,
970 4079 1017 4129 672
1037 4075 1232 4147 sem-Vlixes
1251 4078 1333 4146 recepi
1351 4097 1380 4129 ex
1402 4085 1444 4131 47.

912 4165 951 4212 ta.
965 4165 1005 4212 49.
1014 4165 1122 4212 24-24.
1144 4161 1196 4213 vid.
1211 4162 1299 4215 Heius.
1311 4173 1337 4216 44
1350 4166 1443 4234 lleyne

910 4241 942 4294 ad
972 4242 1044 4313 Virg.
1059 4241 1114 4296 Ecl.
1127 4246 1195 4304 Vlll‚
1208 4249 1249 4298 70.
1282 4245 1314 4300 V
1310 4247 1382 4319 lrter
1400 4252 1443 4302 20.

910 4329 951 4378 27.
964 4331 1006 4378 46.
1018 4333 1059 4379 47.
1074 4332 1167 4381 asos.
1184 4327 1270 4398 Vulgo
1288 4327 1318 4381 V
1318 4332 1407 4400 lyues.

943 4413 983 4463 68.
1008 4429 1137 4481 pomonam
1162 4413 1286 4482 Aquilone
1310 4415 1347 4466 D.
1372 4421 1398 4466 4.
1419 4433 1442 4468 e.

908 4495 965 4547 sut.
977 4504 1002 4547 et
1018 4493 1077 4550 edd.
1094 4505 1201 4550 recentt.
1219 4515 1342 4556 serrorum
1357 4515 1442 4562 rnerpe
