3028 5492
541 389 770 462 sarsurus
1075 354 1218 466 lxxix

1 595 2 598 ’
82 609 205 681 pumen
227 593 337 672 babet,
370 603 403 662 et
429 595 632 662 conditoria
664 598 788 666 editiori
819 599 930 666 summi
961 599 1068 685 templi
1089 599 1218 666 fornice«

85 691 240 756 Continet
269 704 391 778 practer
423 695 578 760 Iuvenalis
596 699 703 761 satiras
724 700 815 762 etiam
835 697 955 763 Horatii
976 697 1136 780 epistolas,
1163 719 1223 762 ex·-

85 797 178 870 cepta
199 787 253 852 illa
275 791 312 852 ed
332 791 458 854 Pisones
477 793 611 877 scripta,
636 804 668 856 et
686 796 828 880 Prosperi
857 793 1033 878 Aquitanici
1054 795 1219 858 Pobmatin.

1 935 2 942 ,
85 884 233 968 Scriptus
253 886 286 948 in
307 908 492 970 pergamena
505 889 623 965 charta,
641 900 672 954 et
691 893 800 967 forma,
818 913 908 976 quam
923 900 1058 954 octavam
1074 890 1221 952 maiorem

85 982 271 1058 nominant,
286 983 487 1066 complicatus
506 997 627 1052 constat
646 987 734 1052 LXV
754 987 853 1064 foliis,
875 1009 1006 1072 quorum
1028 986 1139 1048 XXIII
1159 987 1219 1048 Iu-

88 1075 233 1140 venalem
254 1079 411 1142 exhibeat.
449 1081 520 1159 Quo
540 1104 622 1144 anno
642 1084 680 1146 sit
707 1093 867 1160 exaratus,
896 1104 959 1144 non
986 1081 1071 1144 adest
1098 1093 1219 1146 certam

1 1217 2 1220 η
92 1175 263 1251 indicium,
285 1176 338 1239 sed
357 1187 428 1240 ante
448 1179 584 1242 medium
604 1181 689 1243 Sacc.
715 1181 784 1242 XV.
805 1182 953 1263 scriptum
968 1181 1080 1256 fuisse,
1101 1179 1220 1244 etlite-

1 1295 2 1300 ¹
94 1293 192 1338 rarum
228 1272 341 1336 ductus
368 1275 522 1352 ostendit,
553 1286 584 1338 et
603 1276 720 1340 indicat
741 1278 916 1360 possessoris
940 1298 1067 1342 nomen,
1100 1277 1220 1338 Literae

1 1363 2 1442 i
95 1379 158 1432 sont
188 1372 383 1435 minusculae
414 1372 685 1456 Longobardieae,
718 1374 946 1458 frequentibus,
978 1373 1033 1437 sed
1067 1374 1220 1438 constanti
1306 1409 1310 1416 ·

92 1466 211 1530 ratione
243 1471 334 1551 pictis
367 1490 478 1538 rocam
509 1470 710 1553 compendiis.
751 1466 968 1534 Distinctionis
998 1471 1218 1534 notaennllae

89 1577 277 1647 comparent
297 1575 419 1649 praeter
438 1577 607 1648 punctum,
629 1589 749 1630 commu
770 1577 800 1629 et
824 1569 1071 1652 interrogationis
1084 1567 1218 1650 signum.

1 1673 2 1678 ’
89 1663 182 1724 -De
202 1663 327 1724 interna
348 1661 470 1726 Codicis
490 1663 609 1728 ratione
641 1664 673 1725 in
696 1662 875 1726 universum
896 1663 1144 1748 praecipiendum
1166 1664 1218 1726 ri-

1 1759 2 1834 ]
90 1759 191 1834 detur,
212 1781 287 1822 eum
308 1780 373 1822 esse
393 1781 455 1822 non
476 1760 573 1843 magis
593 1760 756 1836 bonitate,
775 1781 868 1843 quam
888 1761 1113 1844 singularitate,
1135 1762 1161 1823 si
1178 1763 1219 1824 ita

89 1856 194 1920 dicare
208 1857 256 1919 fu
275 1857 331 1933 sit,
353 1857 594 1920 memorabilem.
614 1857 715 1920 Habet
735 1858 817 1918 enim
831 1855 1071 1942 quamplurimas
1083 1857 1220 1936 lacunas,

92 1953 220 2016 minime
245 1953 360 2038 ubique
380 1975 418 2016 ex
438 1953 688 2017 homoeoteleutis
709 1963 811 2029 ortas,
843 1953 1038 2015 disiectionos
1057 1975 1218 2032 versuum,

94 2052 306 2128 diductiones,
328 2051 523 2114 adiectiones.
544 2052 633 2132 Quae
647 2051 753 2116 omnia,
772 2051 855 2114 unde
867 2049 929 2112 sint
942 2062 1030 2125 orta,
1053 2051 1218 2116 admodum

1 2197 2 2220 ,
94 2159 138 2211 est
155 2145 283 2210 difficile
302 2145 397 2210 dictu·
417 2146 553 2210 Fluxisse
581 2146 696 2210 codicis
717 2156 834 2208 textum
862 2169 900 2210 ex
924 2145 1087 2208 admodum
1116 2147 1221 2211 lacero

1 2253 2 2298 1
94 2243 261 2327 exemplari
276 2287 287 2320 ‚
302 2243 354 2304 rix
369 2242 607 2324 persuademur;
629 2243 710 2304 unde
730 2242 812 2304 enim
828 2252 875 2304 tot
894 2243 1096 2306 mutationes?
1116 2241 1218 2306 Alium

93 2349 197 2402 eutem
210 2361 273 2402 esse
294 2347 395 2400 textus
419 2339 631 2400 recensionem
652 2339 773 2422 abipso
789 2339 956 2422 prolectam
976 2338 1133 2413 quenali,
1153 2339 1225 2421 quis

1 2457 2 2500 l
96 2435 206 2498 credet
227 2433 421 2518 perpendens
442 2443 473 2496 et
491 2433 553 2496 Sat.
574 2433 627 2496 IV.
655 2435 836 2496 brevitatem
860 2435 892 2494 in
913 2442 1020 2496 nostro
1043 2435 1127 2496 Msto
1147 2442 1222 2494 octo

1 2565 2 2602 ,
97 2539 218 2592 butum
237 2529 370 2592 versibus
389 2531 575 2606 constantis,
600 2539 631 2591 et
660 2531 864 2592 mutationum
885 2530 1054 2606 rationem,
1072 2537 1116 2590 'et
1136 2537 1219 2590 vete·

1 2637 2 2680 l
92 2647 167 2688 rum
198 2625 392 2688 scholiorum
413 2625 588 2688 silentium?
617 2624 720 2688 Alium
750 2626 848 2707 igitur
868 2625 1030 2688 immisisse
1054 2623 1166 2688 falcem
1186 2625 1218 2686 iu

89 2723 246 2786 Iuvenalis
259 2744 409 2796 messem,
433 2722 484 2786 vix
497 2732 559 2800 est,
579 2722 662 2806 quod
682 2722 863 2785 dubitemus.
873 2749 889 2779 a

133 2819 258 2896 14-16.
278 2821 547 2902 Norimbergenses
560 2833 621 2882 tres
633 2861 642 2895 ,

1 2903 2 2986 ζ
85 2927 185 3000 quos,
205 2936 271 2977 nnn
293 2937 364 2979 cum
379 2915 452 2976 edit.
472 2915 553 2999 Lips.
578 2915 677 2991 1502,
698 2925 824 2978 auctore
844 2913 1010 2978 Mannsrto
1031 2918 1220 3000 compararit

1 3001 2 3044 3
88 3009 245 3092 Seybold,
264 3009 386 3072 doctiss.
407 3010 502 3072 Conr.
523 3010 638 3094 Gymn.
658 3011 802 3074 Norimb.
823 3007 930 3071 Codex
950 3011 1095 3093 primur,
1116 3031 1219 3072 ruem-

1 3123 2 3182 ]
86 3106 260 3170 branaeeus
281 3107 424 3191 idemque
445 3107 672 3192 antiquissimus
697 3107 1035 3191 emendatissimusque,
1059 3107 1092 3168 in
1112 3106 1217 3190 splen·

1 3193 2 3198 ’
86 3198 160 3261 dida
193 3200 383 3263 bibliotheca
404 3201 578 3264 Ebneriana
606 3211 777 3265 asservatur
796 3211 828 3264 ct
848 3201 972 3263 mutilus
991 3211 1059 3264 est:
1091 3199 1218 3264 deside·

1 3313 2 3328 ¹
84 3307 200 3360 rantur
221 3299 307 3362 enim
328 3299 411 3360 ineo
432 3298 494 3361 Sat.
514 3299 754 3380 vasaq-303.
785 3299 882 3376 VIII,
908 3301 1009 3364 r-bb.
1041 3299 1217 3380 X,9-7o.

1 3431 2 3468 2
83 3395 144 3470 XI,
175 3396 341 3460 152-208.
361 3397 496 3480 Margini
516 3398 582 3458 eins
602 3395 773 3480 adscriptae
794 3407 864 3459 sunt
889 3395 1021 3478 glossas,
1047 3397 1099 3458 sed
1121 3398 1217 3459 literis

1 3515 2 3518 ’
83 3493 302 3555 minutissimis
329 3501 361 3555 et
386 3514 620 3577 nonnumquam
646 3493 733 3556 ralde
763 3494 885 3578 pallidis
916 3495 964 3558 rel
993 3493 1147 3556 maculatis
1168 3493 1218 3556 vel

83 3588 163 3650 adeo
185 3589 283 3664 rasis,
310 3611 388 3673 quae
409 3610 460 3651 eas
479 3589 558 3650 lectu
577 3589 771 3652 difficillimas
790 3589 935 3650 reddunt.
969 3589 1120 3672 Reliqua,
1141 3611 1217 3672 quea

83 3685 123 3746 ad
145 3685 234 3748 hunc
255 3686 403 3748 Codicum
424 3695 581 3770 spectant,
603 3707 729 3748 monere
749 3687 914 3770 occupavit
934 3687 1078 3749 Mannert
1097 3687 1128 3746 in
1154 3689 1217 3748 Mi-

82 3779 212 3843 scellau.
234 3803 264 3865 p.
286 3783 335 3867 78.
358 3779 427 3844 abb
449 3783 537 3844 initio
558 3782 616 3844 situ
632 3779 846 3866 vermibusque
866 3791 1031 3864 corruptus
1052 3790 1083 3842 et
1103 3782 1213 3864 passim

82 3875 217 3939 maculis
252 3877 389 3939 foedatus
416 3887 469 3940 est.
500 3877 619 3940 Maiore
650 3877 808 3940 literarum
834 3877 1028 3951 charactere,
1049 3878 1103 3962 qui
1127 3878 1207 3942 Saec

80 3973 146 4034 xn
172 3971 316 4038 adbiberi
335 3972 470 4050 solebat,
497 3974 658 4058 perspicue
682 3973 826 4060 quidem,
856 3994 913 4035 nee
935 3983 1038 4034 tamen
1060 3972 1218 4056 eleganter

82 4079 241 4131 uerutus.
274 4070 420 4133 Vnciales
452 4071 557 4134 literae
587 4074 646 4132 iam
669 4093 755 4134 moro
786 4071 867 4133 illins
896 4071 982 4132 Sacc.
1011 4069 1215 4152 degenerant=

80 4187 142 4252 pro
164 4187 207 4226 ae
226 4165 408 4251 plerumque
428 4192 467 4243 e,
487 4189 558 4230 raro
578 4167 727 4251 simple,
747 4180 778 4231 et
797 4171 818 4231 E
837 4189 895 4252 pro
915 4189 973 4228 con
999 4167 1215 4242 substituitur3

79 4268 201 4326 is'cum
224 4265 380 4348 apicibus,
412 4268 425 4326 i
455 4274 628 4328 constanter
653 4266 719 4328 lere
739 4266 803 4328 sine
824 4274 938 4348 puncto
959 4264 1082 4347 legitur,
1102 4265 1216 4327 distin-

79 4361 225 4422 ctionum
245 4361 332 4444 signa
351 4371 423 4426 sunt
441 4357 576 4443 vulgaria
597 4362 679 4422 illins
704 4361 767 4425 aevi
781 4363 808 4438 l,
830 4383 839 4435 ς
863 4371 894 4424 et
914 4370 1087 4446 punctum;
1117 4361 1217 4423 lineae

77 4477 308 4559 usquequaque
337 4457 419 4556 stylo
444 4457 562 4528 ductas·
594 4459 634 4530 lu
664 4457 784 4530 duobus
813 4456 896 4525 loliis
924 4455 1103 4550 penultimis
1126 4455 1217 4548 louge
