3046 5498
556 431 825 526 nonano'nvn

1129 434 1248 532 xxix

8 639 9 656 χ
108 679 139 726 ac
157 655 261 723 soluto
287 661 366 725 ioco
387 682 437 736 res
457 661 639 726 auocabatur
657 675 686 726 et
705 663 796 726 ludus
815 663 851 727 ln
870 675 965 727 onena
982 665 1135 750 paulatim
1155 683 1250 732 vena-

116 773 180 832 rat·,
191 759 366 836 mantus,
387 760 580 822 histrionibus
597 760 782 837 fabellarum
803 773 874 823 actu
893 759 1020 840 relicto,
1039 767 1109 848 ipsa
1127 767 1206 828 inter
1218 791 1250 829 se

123 877 193 920 nore
207 857 346 937 antiquo
370 856 509 918 ridiculo
521 860 642 918 irstexta
655 859 784 918 versibus
797 859 937 918 iactitare
960 861 1053 942 coepit
1067 885 1076 920 :
1099 869 1144 938 (ι)
1171 885 1249 944 quae

124 950 328 1016 taumatia
360 967 469 1033 posteo
488 952 639 1036 appellata
678 952 729 1030 (a)
760 965 953 1034 consertaque
978 953 1100 1024 sabellis
1117 958 1249 1037 potissi-

125 1069 193 1112 m
219 1048 392 1110 Atellanis
420 1062 498 1110 sunt.
533 1048 622 1130 Quod
641 1069 733 1133 genus
752 1049 894 1108 ludorum
921 1049 960 1110 ab
982 1048 1066 1110 Oscis
1090 1067 1244 1134 acceptum

128 1147 204 1208 mail
223 1146 397 1218 iuventus,
417 1167 472 1207 nec
492 1144 530 1206 ab
550 1145 741 1205 histrionibus
756 1143 856 1226 pollui
872 1165 968 1227 possa
986 1159 1037 1207 est.
1057 1147 1103 1208 Eo
1124 1150 1247 1210 institu-

126 1257 175 1304 teas
193 1253 332 1316 monet,
369 1256 402 1303 ut
422 1254 537 1303 actores
564 1241 782 1302 Atellanarum
811 1261 866 1302 nec
898 1242 975 1302 tribu
995 1257 1192 1318 moveantur,
1223 1259 1251 1308 et

120 1334 291 1414 mpotdie,
315 1350 479 1419 tamquam
498 1351 634 1416 expertes
654 1340 728 1396 artis
749 1334 905 1411 ludicrae,
922 1337 1056 1416 saciant.
1081 1339 1118 1398 ln
1141 1340 1186 1400 his
1201 1341 1250 1400 fa-

114 1429 211 1506 balis,
241 1429 284 1490 ab
323 1431 449 1505 meua,
483 1432 632 1493 Oscorum
662 1432 695 1492 in
726 1430 893 1514 Campania
920 1431 1053 1515 oppido,
1084 1434 1129 1495 sio
1161 1434 1249 1498 dictis

113 1524 218 1600 (unde
240 1535 370 1588 actores
392 1547 498 1590 aarum
518 1528 599 1588 Osce
619 1528 709 1588 etiam
730 1525 977 1610 loquebantur),
1003 1549 1104 1590 sermo
1123 1529 1248 1614 quidem

112 1620 196 1684 rudis
218 1631 290 1684 erat
314 1631 346 1683 et
368 1611 543 1706 impolitus,
576 1621 629 1685 ssd
650 1623 764 1684 facetus
788 1623 892 1704 p'otius
916 1622 1248 1709 atridiculus,que1u

112 1717 285 1782 obscenus
309 1727 342 1780 at
363 1717 508 1796 lascivus,
528 1727 742 1803 argumentum
763 1740 888 1803 quoqne
908 1729 1025 1782 eastum
1042 1724 1249 1786 attententiae

113 2005 174 2059 quae
184 1986 314 2042 saltando
327 1989 406 2042 fiebat
417 1999 443 2044 et
456 1987 556 2060 loquaci
570 2007 660 2054 manu,

112 2072 243 2126 meando
260 2073 426 2144 respondere
443 2083 469 2128 et
491 2073 660 2144 pronunciare

2 2183 3 2196 s
115 2152 268 2220 modulate,
284 2173 356 2224 quae
373 2154 465 2210 histrio
481 2168 545 2228 agat.
563 2159 661 2210 Turno·

115 2239 197 2292 busin
214 2238 371 2293 Animadv.
391 2241 443 2306 111,
464 2243 496 2292 23
520 2249 545 2293 et
569 2242 661 2293 Ferra-

119 2324 176 2376 rim.
185 2322 331 2378 histriones
345 2335 488 2396 coeperunt
498 2327 534 2378 od
551 2345 659 2388 manum,

124 2405 152 2459 ia
161 2418 270 2478 pomus,
283 2407 315 2460 in
327 2411 475 2481 praesentia
487 2413 548 2478 (ssu
562 2409 659 2478 Seite),

127 2491 237 2557 babere,
247 2494 289 2564 φὶ
302 2503 431 2559 mutaret,
445 2503 472 2546 et
485 2513 535 2564 quo
547 2513 661 2565 pronun·

128 2575 214 2629 dante
226 2575 414 2646 ipsiealtarent.
427 2578 541 2650 Koenig:
553 2579 662 2634 Histrio·

121 2677 168 2714 nes
183 2660 352 2725 dicebantur,
367 2661 411 2732 qui
427 2660 553 2716 saltabant
576 2674 601 2716 et
617 2683 660 2735 ge·

119 2741 326 2810 stieulabantur‚
353 2763 466 2816 quorum
498 2745 557 2801 voci
581 2748 660 2802 etiarn

117 2831 226 2884 deserbire
239 2830 400 2904 (dialogus,
414 2834 474 2896 clas,
488 2853 542 2888 was
553 2854 656 2904 gespra-

12 2980 16 2993 .
118 2915 174 2967 aba
194 2917 311 2983 werde)
333 2914 425 2970 relicta
447 2929 537 2984 erant,
561 2925 660 2971 contire

120 3011 204 3052 autern
219 2998 400 3070 (soliloquia)
412 2999 491 3052 relata
509 2999 541 3054 ad
565 3011 661 3074 tragoe-

120 3085 164 3138 dos
173 3089 238 3157 ‚qui
250 3086 285 3139 ad
296 3085 454 3139 histrionum
464 3099 549 3157 gestus
559 3107 658 3140 accona-

118 3168 221 3220 nodate
248 3170 384 3224 canebant
412 3173 529 3224 Ernesti:
552 3171 659 3224 Constare

118 3253 154 3303 nl
172 3271 277 3306 nemun
302 3251 397 3306 dicitur
415 3253 447 3308 de
471 3253 659 3317 histrionibus,

120 3353 201 3404 quum
226 3337 367 3390 recitantes
393 3357 416 3390 a.
433 3347 563 3392 cantantes
591 3337 656 3390 illud

120 3417 208 3488 ipsum
232 3419 398 3498 exprimunt,
421 3417 491 3488 quod
509 3419 540 3472 ab
560 3417 661 3472 saltato-

118 3501 192 3556 ribus
217 3501 396 3574 gesticulando
416 3503 582 3572 significatur.
606 3500 660 3554 Sal·

116 3586 260 3639 masinae
272 3587 375 3656 Vopisc.
388 3586 473 3640 Carin.
485 3593 527 3638 49.
540 3586 662 3640 emenda·

114 3669 163 3723 bat
186 3671 223 3722 ad
248 3689 350 3722 masuam
369 3671 475 3735 saltari,
492 3675 658 3742 χειρονομεῖν.

117 3782 152 3794 -
167 3752 300 3823 Equidem
315 3754 394 3806 verbs
407 3755 442 3806 nd
450 3773 550 3808 monum
561 3769 661 3808 cantaro

118 3836 216 3889 eodem
230 3855 308 3890 sensu
321 3838 465 3909 cepio,quo
478 3838 568 3891 Livius
581 3837 661 3889 modo
679 3875 690 3884 ..

116 3919 225 3975 dixerat
263 3926 389 3974 comicum
421 3936 603 3991 egerentem,
632 3931 661 3976 ut

116 4006 253 4060 autentis
266 4006 294 4060 h.
309 4005 327 4060 Ι.
345 4005 393 4060 sit:
406 4005 470 4059 Inde
483 4006 515 4058 ab
532 4005 662 4060 histrioni·
683 4051 686 4058 .

116 4091 172 4145 bns
186 4093 287 4146 eandm
303 4090 513 4162 gesticulatione,
530 4089 585 4146 sola
598 4109 660 4144 vero

116 4177 244 4231 diverbia
269 4194 337 4230 vose
370 4196 391 4230 s.
414 4179 529 4230 canendo
553 4175 661 4248 exprimi
684 4165 696 4174 ’Δ

116 4270 224 4330 acepta.
272 4269 275 4276 '
665 4311 671 4324 ,

155 4345 200 4414 (t)
214 4347 285 4396 Rene
300 4343 366 4397 baec
381 4345 543 4418 παραφράζιι
569 4345 660 4398 Casau·

117 4428 211 4482 bonus
227 4449 253 4499 p.
268 4434 332 4486 ⁴822
358 4430 540 4483 uFabularum
558 4449 661 4500 conspo-

119 4513 218 4576 aitioue
233 4514 356 4586 iuventa,
369 4515 469 4575 refrixit
482 4515 556 4574 initio
569 4514 662 4592 §stirap

712 2007 806 2043 venum
819 1989 868 2043 boc
886 1991 1027 2060 tantisper,
1041 1992 1106 2044 dum
1126 2009 1185 2046 moa
1202 1991 1249 2046 ob·

712 2072 807 2138 tinuit,
823 2083 852 2126 ut
872 2073 917 2143 ipsi
938 2077 1025 2144 poitur
1051 2093 1110 2128 suas
1130 2074 1158 2128 in
1175 2093 1250 2130 soem

714 2154 815 2220 fabulas
838 2168 961 2228 agerent:
989 2157 1033 2210 ubi
1061 2177 1125 2211 vero
1157 2158 1251 2232 agendi

715 2251 799 2312 partes
812 2241 844 2294 ad
861 2239 998 2294 histriones
1015 2252 1075 2295 sunt
1093 2241 1248 2308 translatae,

712 2323 801 2379 retulit
819 2324 847 2378 in
865 2343 968 2379 menam
986 2326 1039 2396 ipsa
1060 2329 1179 2381 iuventus
1197 2332 1249 2380 Ro·

713 2427 791 2462 mana
803 2411 870 2462 risus
883 2409 1004 2482 iocosque
1017 2413 1134 2481 priorum
1151 2413 1247 2464 Satira·

712 2513 774 2547 rum
786 2514 794 2562 ;
808 2512 861 2547 non
875 2494 981 2566 quidem
993 2505 1037 2559 ,ut
1050 2493 1148 2548 fabulas
1160 2493 1247 2548 saalu-

712 2577 819 2643 dereot,
832 2577 877 2632 sed
890 2591 918 2630 ut
931 2576 1024 2631 fabulis
1042 2578 1119 2646 ipsis,
1133 2595 1247 2647 praeser-

711 2659 761 2712 tim
775 2669 863 2713 autern
878 2658 1019 2724 Atellanis,
1044 2658 1247 2734 adiungerentur

712 2743 768 2797 sive
782 2743 965 2796 insererentur.
976 2762 987 2794 u

745 2831 788 2896 (2)
801 2829 910 2899 Satyros
923 2847 1007 2898 quum
1022 2826 1116 2881 sabulis
1129 2829 1250 2902 adiunge·

711 2923 819 2976 rentur,
837 2913 942 2966 Eraclia
955 2913 1137 2980 (intermori,
1155 2913 1245 2968 Nocb·

710 2999 809 3068 spielc)
828 2997 878 3050 dici
896 3016 1010 3068 coepere.
1028 2999 1068 3051 Cf.
1088 3002 1178 3052 luven.
1196 3003 1232 3053 111
1239 3037 1248 3062 ,

713 3085 771 3132 475.
785 3079 838 3142 Vl,
852 3087 865 3131 7
872 3087 893 3131 t.
907 3081 976 3133 Suet.
988 3079 1078 3131 Tiber.
1094 3085 1136 3132 45.
1151 3091 1177 3132 et
1191 3083 1244 3133 Do·

712 3164 769 3215 mit.
783 3166 822 3214 ⁴0.
836 3162 945 3216 Casaub.
958 3183 983 3232 p.
998 3169 1047 3218 tut
1060 3181 1114 3232 seq.
1136 3167 1192 3218 tVt
1202 3167 1248 3218 Sa·

710 3244 917 3318 lyricaeginquiu
924 3246 1027 3318 tragicis
1037 3247 1160 3302 dramatis
1175 3247 1246 3301 adie-

711 3341 766 3384 ctae
779 3339 839 3382 sunt
856 3348 871 3382 a
888 3330 991 3384 Graecis
1005 3330 1038 3384 ad
1053 3332 1248 3402 temperandam

711 3415 857 3486 tragoediae
871 3415 1076 3486 moestitiam5sic
1088 3419 1183 3470 Satires
1194 3415 1249 3470 sive

711 3501 824 3566 Euodia,
838 3499 1001 3553 simillimam
1018 3501 1052 3554 ob
1069 3519 1173 3554 causam
1191 3511 1249 3573 post

711 3587 855 3657 tragoedias
868 3586 975 3658 produci
995 3586 1082 3650 solita,
1104 3587 1246 3640 memoriae

713 3671 817 3743 quidam
838 3670 1016 3741 prodiderunt.
1035 3671 1189 3725 scholiastes
1207 3675 1248 3725 lu·

711 3755 796 3810 venel.
811 3758 860 3820 111,
874 3763 932 3809 trs.
950 3756 1106 3809 Exodiarius
1123 3757 1189 3826 opud
1207 3777 1247 3808 vc·

711 3851 774 3892 teras
788 3840 813 3888 in
833 3839 888 3909 fine
905 3839 1018 3890 ludorum
1038 3839 1164 3901 lustrabat,
1180 3839 1248 3907 quod

711 3923 829 3976 ridiculus
840 3923 932 3991 joret,
951 3933 993 3983 ut,
1019 3922 1141 3992 quidquod
1164 3921 1248 3994 laery-

711 4025 808 4060 marum
833 4018 905 4074 atquc
924 4005 1039 4056 tristitiae
1064 4005 1200 4074 coegissent
1217 4025 1248 4058 ea

712 4095 815 4162 tragicis
840 4091 985 4162 affectibus,
1016 4089 1084 4142 buius
1114 4093 1248 4160 spectaculi

711 4181 776 4228 risus
790 4175 935 4246 detergeret.
958 4201 989 4214 -
1013 4173 1141 4226 Exodium
1158 4174 1193 4226 itu
1209 4173 1248 4226 di·

714 4268 801 4324 ctum,
812 4255 854 4309 vel
868 4255 927 4326 quia
940 4253 1103 4328 singulorum
1117 4255 1246 4309 diverbia·

713 4359 773 4395 rum
793 4343 838 4394 dni
857 4339 1050 4406 subiiciebatur,
1067 4337 1108 4396 uel
1126 4339 1185 4408 quia
1202 4357 1245 4392 es·

713 4437 811 4482 tremas
825 4425 926 4483 fabulas
940 4425 1030 4479 semel.
1047 4425 1090 4480 stc
1107 4425 1174 4478 iuter
1187 4421 1246 4476 cbo·

713 4513 765 4572 rica
792 4511 861 4572 mels
889 4515 1052 4572 Graecorum
1081 4511 1244 4582 tanatum.
