3078 5494
561 411 781 472 nuuvrisvs
1135 411 1239 501 29¹-

117 621 212 686 nitori
232 626 321 700 atque
350 613 489 698 dignitati
516 608 633 675 consuli
654 617 751 696 queatr
778 606 897 670 venium
918 625 1007 690 rpero
1032 606 1109 668 mihi
1128 606 1232 672 datum

118 724 179 797 iri,
198 716 281 800 quod
303 715 333 775 in
355 712 474 772 illarum
495 707 596 770 locum
616 706 704 768 ulium
728 713 839 788 (quum
857 703 913 784 pol
941 705 1003 776 rit)
1018 702 1232 780 cubstitueriun,

115 837 195 900 quur.
216 811 305 874 facile
323 807 476 887 corrumpi
498 804 596 888 potuit
615 801 654 862 ab
677 799 808 862 indoctis
832 797 981 875 librariis,
1000 821 1091 883 quum
1112 812 1234 878 tamen,

114 911 209 975 simul
229 932 265 972 ac
285 907 410 970 meliora
429 897 554 964 edoctus
572 900 679 973 luero,
699 896 807 957 lubens
826 893 986 958 damnabo.
1016 897 1059 958 Ee
1078 906 1161 958 certe
1173 897 1233 958 ed-

116 1007 206 1066 micsa
227 1024 289 1062 nen
311 999 418 1069 video,
438 994 514 1078 quid
535 997 567 1054 in
588 992 618 1054 h.
639 991 659 1052 l.
681 989 841 1072 displicere
861 989 969 1070 poerit,
987 989 1010 1050 ei
1031 989 1072 1050 itu
1093 1011 1234 1052 curaer-

115 1097 274 1180 posnerie:
298 1096 426 1155 Tautine
446 1087 536 1172 pretii
556 1096 602 1150 cst
614 1085 669 1147 tibi
689 1083 735 1148 rol
754 1105 771 1144 e
791 1093 822 1144 te
842 1082 1142 1145 aestimeturiniurio
1160 1105 1231 1144 coe·

114 1217 194 1268 rrae,
216 1195 244 1253 h.
260 1213 286 1250 e.
307 1209 401 1252 coena
422 1185 581 1256 iniuriosa,
603 1179 792 1253 convivium,
819 1177 852 1238 in
873 1200 933 1260 quo
961 1187 1006 1240 tot
1031 1177 1163 1262 talesque
1183 1181 1235 1240 in-

116 1290 214 1348 iuriae
241 1286 295 1348 tibi
323 1281 465 1346 serendae
485 1277 579 1340 eunt?
605 1275 679 1336 tanti
707 1293 832 1334 coenem
862 1271 989 1336 divitum
1019 1273 1231 1353 nobiliumque

115 1385 209 1454 sacis,
231 1389 266 1442 ut
287 1387 412 1460 propior
432 1393 497 1434 eain
519 1371 583 1432 illae
610 1371 719 1430 toleres
746 1365 895 1428 iniurias?
916 1382 977 1428 tam
999 1368 1103 1430 ieiune
1123 1368 1232 1450 semes

118 1473 332 1559 utap.Orid.
354 1467 633 1544 Met.vt11,790.
665 1472 809 1536 (tantane
841 1470 950 1522 cttem
971 1461 1038 1522 dire
1066 1470 1110 1524 ert
1140 1463 1235 1522 famer

118 1583 189 1647 tue,
211 1584 245 1634 ut
265 1578 361 1631 tactus
374 1566 414 1628 ob
434 1585 499 1624 cam
520 1571 550 1622 et
569 1569 616 1621 tot
635 1558 758 1618 iniuriae
780 1557 926 1638 patienter
946 1558 1047 1619 ierac?
1067 1579 1157 1640 quum
1170 1557 1236 1636 pol,

108 1659 267 1754 prolecto·
282 1675 338 1741 (ut
357 1661 480 1746 edepol,
504 1672 639 1732 ecastor,
659 1654 770 1726 hercle,
798 1667 964 1727 ruccartor,
992 1652 1165 1736 mehercle)
1197 1656 1236 1714 sit

118 1765 289 1838 Incertior,
311 1761 396 1835 illic,
422 1757 454 1818 in
482 1751 639 1834 crepidine
666 1747 713 1810 vel
742 1756 853 1830 ponte,
880 1762 909 1812 et
939 1761 1085 1823 tremere,
1117 1749 1236 1830 frigore

120 1863 250 1924 horrere
269 1860 360 1942 (quie
380 1871 494 1940 pauper
508 1848 585 1912 male
611 1845 733 1906 vestitus
753 1851 818 1918 est,
833 1852 867 1902 ut
879 1852 1009 1919 taceam,
1023 1841 1105 1927 qnod
1121 1844 1236 1924 Grung.

122 1967 248 2031 monet,
268 1957 449 2039 plerumque
469 1949 540 2011 fiete
559 1954 707 2014 tremere,
737 1942 790 2023 qui
818 1941 925 2022 stipem
946 1939 1136 2014 mendicent,
1156 1937 1237 1998 unde

118 2066 150 2116 et
172 2056 252 2114 farte
270 2067 398 2113 tremens
421 2045 535 2106 iudaea
557 2041 668 2101 dieitur
688 2039 746 2097 int.
767 2035 948 2109 v1‚543.)
969 2049 997 2096 et
1016 2035 1121 2098 sordes
1133 2033 1238 2112 farris

122 2150 267 2210 recordere
284 2149 406 2217 canini,
430 2159 538 2222 panem
559 2134 715 2198 sordidum
735 2129 959 2210 edere,qunlin
988 2129 1112 2192 cenibue
1129 2125 1238 2188 detur?

118 2249 174 2307 (ΖΓ.
199 2243 330 2306 Martini.
351 2243 400 2312 Χ,
421 2241 458 2309 5,
479 2237 507 2297 5.

164 2343 252 2402 lianc
273 2338 433 2399 lectionem
455 2352 537 2392 nune
556 2325 767 2408 repudiarem,
790 2323 847 2382 nisi
868 2341 932 2384 cam
954 2321 1010 2382 riri
1031 2319 1139 2380 nummi
1153 2320 1184 2378 in
1200 2318 1240 2378 li·

126 2440 199 2500 teris
220 2436 256 2496 nd
279 2455 327 2494 rne
341 2431 418 2492 datia
439 2426 607 2502 ascensione
621 2442 672 2482 sua
686 2417 932 2500 comprobassent
945 2425 975 2476 et
988 2415 1084 2490 eliac,
1098 2436 1115 2474 u
1130 2415 1238 2476 Mense

126 2542 158 2594 et
185 2531 347 2592 Heineclio
369 2523 543 2585 substitutae
567 2526 653 2591 (nam
684 2513 786 2597 plures
813 2511 886 2570 milri
915 2531 976 2572 non
998 2511 1241 2582 innotuerunt),

124 2627 243 2708 aliquot·
262 2623 335 2683 mibi
356 2615 513 2700 scrupulos
539 2613 718 2672 iniecisscnt.
749 2605 846 2668 liuius
864 2605 903 2666 de
923 2604 1069 2665 sententia
1090 2623 1151 2664 non
1172 2603 1241 2662 inc-

126 2733 176 2801 pte
199 2727 242 2780 est
264 2713 434 2800 emendatio
454 2729 541 2782 mee,
562 2704 614 2765 sed
634 2702 731 2764 leuior
753 2697 920 2772 medicine,
941 2697 963 2757 si
979 2695 1082 2759 rerbie
1101 2705 1242 2776 transpo-

122 2817 188 2874 nitis
209 2835 264 2894 pro
283 2831 374 2893 quum
392 2809 490 2890 poscis
509 2803 628 2883 legatur
645 2800 743 2880 porris
762 2815 865 2877 quum.
886 2793 1049 2856 Enimvero
1065 2792 1108 2864 sic
1128 2800 1158 2851 et
1173 2789 1242 2848 luia..

127 2920 177 2970 tus
197 2906 327 2967 insoleus
349 2913 392 2966 est
412 2895 667 2980 concoquendus,
687 2902 717 2978 ct
738 2898 868 2950 metrum
888 2888 1020 2949 laborat:
1051 2907 1121 2946 uam
1150 2905 1242 2967 purim

126 3001 306 3087 producitur
326 3007 452 3082 propter
472 3011 623 3054 caesuram
647 2995 677 3048 ct
704 2985 816 3045 luctum
838 2989 890 3064 (v.
911 2983 948 3042 ed
969 2981 1032 3054 tx,
1056 2983 1163 3053 118.);
1187 2999 1243 3040 ne-

126 3120 189 3182 que
208 3117 366 3178 assequor,
386 3113 442 3152 cur
461 3089 523 3171 ipsa
544 3083 682 3146 traiectio
704 3080 866 3141 verborum
888 3078 986 3139 leuior
1005 3077 1042 3138 sit
1073 3075 1242 3144 medicina,

127 3215 222 3274 quiam
246 3187 428 3272 permutatio
449 3184 606 3245 literarum
627 3203 641 3240 r
661 3186 691 3238 et
710 3175 740 3249 i,
765 3175 796 3235 in
818 3173 922 3257 primis
943 3173 965 3233 si
986 3193 1023 3234 ex
1043 3171 1099 3232 hac
1120 3168 1243 3231 exoria-

128 3300 183 3348 tur
202 3285 371 3355 eentcntie,
395 3299 470 3364 quae
490 3286 520 3338 cl
540 3275 661 3358 gravior
690 3273 868 3352 satiricoque
889 3274 973 3350 podte
994 3265 1113 3348 dignior
1140 3265 1196 3335 sit,
1216 3271 1246 3321 ct

128 3383 250 3444 doctior
269 3378 459 3458 librariisque
479 3371 618 3454 ignotior.
648 3366 752 3428 Iudice
774 3365 879 3427 Mauso
899 3371 979 3424 totus
1012 3359 1135 3422 omnino
1164 3357 1245 3417 locus

130 3500 168 3540 ex
189 3477 336 3558 scripture
357 3469 497 3534 codicum
518 3468 558 3528 ita
578 3461 799 3527 restituendusc

615 3679 618 3684 ,
669 3610 800 3671 Tenetur
819 3606 936 3665 iniuria
957 3601 1087 3664 coenae?

298 3715 375 3776 Tam
396 3713 497 3772 ieiuna
507 3707 615 3788 sames
636 3717 726 3788 prtum
745 3703 841 3784 poerit
861 3700 1008 3760 ironestiur
1029 3698 1094 3756 illie
1192 3743 1196 3748 ,

298 3812 336 3870 Et
357 3823 483 3869 tremere
504 3817 530 3862 rt
552 3800 656 3880 sordes
665 3800 771 3878 fiuris
792 3795 931 3856 mordere
951 3795 1064 3853 cercini.

135 3950 193 4012 nisi
215 3946 283 4031 quie
303 3943 387 4004 malit

303 4079 381 4137 Tam
401 4075 503 4134 ieiuna
511 4071 633 4154 semer,
656 4087 733 4151 quac
751 4067 845 4149 percit
866 4061 1012 4122 honestius
1032 4067 1088 4117 cet.

131 4233 473 4306 oeneuereroepertus
492 4229 535 4281 cst
555 4216 727 4300 etquidem
748 4214 815 4274 liic:
848 4215 895 4274 Aa
916 4219 948 4270 tu
976 4207 1150 4268 iniuriosam
1172 4204 1251 4280 divi-

138 4333 206 4382 tum
224 4318 443 4382 eoeuemtenti
470 4313 563 4388 facie,
584 4331 678 4395 quum
700 4310 811 4370 samem
835 4315 916 4366 tuem
945 4302 985 4362 ibi
1006 4300 1081 4362 adeo
1112 4321 1172 4359 neu
1198 4319 1252 4358 rx-

137 4414 240 4496 plw,
261 4423 295 4479 ut
315 4411 466 4476 lmuestius
485 4409 604 4484 fuisset,
620 4407 650 4469 iu
666 4403 821 4488 crepidine
835 4399 932 4482 eliqua
953 4407 1002 4460 aut
1024 4403 1117 4480 ponte
1135 4396 1249 4476 frigere
