3078 5494
327 403 420 522 246
771 435 994 494 rvvuuttts

322 631 1441 738 Plurimumenimintererit,quibusartibusetquibushunc

323 749 493 826 Moribus
510 750 690 822 instituas.
718 747 900 849 Serpente
916 748 1063 822 ciconia
1076 745 1200 850 pullos
1365 757 1439 854 (tu

322 867 450 940 Nutrit
467 881 505 938 et
521 867 673 940 inventa
693 891 762 970 per
781 863 887 940 devia
906 891 996 940 rura
1015 863 1177 940 lacerta:
1404 909 1438 955 ς,

322 979 383 1055 Illi
403 980 530 1056 eadem
551 985 678 1057 sumtis
700 999 888 1082 quaerunt
903 979 1075 1056 animalia
1094 981 1230 1084 pinnis.

323 1099 485 1186 Vultur,
502 1101 669 1174 iumento
687 1115 725 1173 et
742 1098 896 1174 canibus
917 1099 1169 1201 crucibusque
1188 1101 1349 1192 relictis,

322 1214 494 1290 Adfatus
512 1233 695 1319 properat
714 1233 936 1318 partemque
954 1213 1143 1292 cadaveris
1164 1217 1281 1294 allert.

323 1334 393 1406 Hic
406 1349 461 1406 est
482 1357 569 1433 ergo
590 1331 694 1406 cibus
715 1333 840 1432 magni
860 1355 1013 1433 quoque
1035 1330 1192 1407 vulturis
1211 1349 1248 1406 et
1269 1359 1307 1406 se
1533 1413 1534 1420 ¹

322 1449 532 1538 Pascentis‚
551 1450 705 1550 propria
722 1473 843 1550 quum
860 1449 933 1520 iam
952 1444 1041 1520 facit
1059 1447 1193 1522 arbore
1215 1447 1335 1523 nidos.
1400 1486 1438 1534 30
1532 1423 1534 1514 l

323 1563 398 1638 Sed
416 1563 584 1667 leporem
603 1579 667 1642 aut
686 1588 860 1666 capream
878 1559 1038 1638 famulae
1057 1563 1152 1641 lovis
1179 1579 1217 1638 et
1234 1588 1436 1665 generosae
1533 1597 1534 1630 1

323 1681 368 1754 ln
388 1678 485 1754 saltu
504 1697 690 1756 venantur
708 1704 816 1755 aves:
835 1679 924 1754 binc
941 1677 1082 1788 praeda
1101 1677 1217 1754 cubili

323 1796 505 1872 Ponitur:
524 1792 775 1884 indonatum,
794 1819 912 1895 quum
929 1819 970 1868 se
990 1809 1133 1866 matura
1151 1792 1284 1869 levarit

323 1911 548 2011 Progenies,
566 1908 780 1984 stimulante
806 1909 924 1996 fame,
942 1907 1093 1984 festinat
1112 1907 1160 1982 ad
1178 1907 1302 2000 illam,

324 2030 449 2120 Quam
468 2028 629 2129 primum
649 2024 826 2128 praedam
844 2043 958 2128 rupto
978 2043 1190 2128 gustaverat
1208 2049 1294 2099 oro.
1409 2058 1440 2109 at
1533 2015 1534 2058 ³

376 2137 603 2214 Aedificator
621 2157 702 2213 erat
721 2139 943 2231 Cetronius‚
963 2157 1001 2213 et
1016 2139 1128 2214 modo
1147 2163 1263 2215 curvo

358 2359 399 2406 74.
419 2357 493 2409 nidos
511 2373 558 2425 pro
573 2355 701 2424 pallores
721 2372 787 2406 am.
813 2372 851 2423 pr.
904 2350 1018 2421 plumas,
1035 2352 1061 2406 ls.
1086 2372 1109 2410 6.
1126 2351 1256 2406 molliores
1281 2351 1440 2422 exiguasque

325 2437 401 2508 prob.
413 2438 555 2494 Schradere
572 2440 599 2491 in
612 2438 758 2492 Observatt.
772 2457 795 2508 p.
811 2444 852 2490 to.
903 2451 1006 2501 penne-⁸·

327 2519 372 2572 ubi
389 2529 473 2584 reate,
489 2530 571 2590 puto,
594 2532 696 2584 monet,
722 2520 853 2591 vulgatam
937 2523 978 2568 77.
992 2517 1123 2579 Fuerunt,
1137 2516 1179 2585 qul
1195 2514 1301 2568 mallent
1321 2516 1438 2584 gemtus-
1532 2533 1534 2550 ι

291 2637 294 2644 .
326 2599 425 2656 lecha
437 2602 698 2674 gmirrquim
716 2605 796 2670 (utet
812 2624 853 2672 ap,
901 2619 947 2669 que
969 2601 1077 2652 [44404444
1100 2599 1145 2654 sed
1167 2600 1192 2652 lll
1209 2597 1369 2652 6644ῐὲ14446ῦὶ
1383 2598 1411 2648 lt.
1426 2597 1442 2651 l.

324 2683 458 2739 ctautttt
471 2687 651 2740 cananeum.
660 2687 742 2740 Praes.
757 2707 782 2740 v.
797 2689 834 2754 5,)
843 2725 852 2750 ,
904 2699 995 2752 parum
1012 2682 1167 2752 perspexisse
1180 2681 1311 2736 videntur.

326 2775 353 2818 et
378 2763 459 2834 pullos
478 2767 617 2835 aviumque
644 2767 709 2820 fetas
734 2787 747 2819 a
774 2766 854 2835 poetis
937 2769 978 2815 79.
1001 2763 1069 2814 Hirro
1091 2769 1132 2814 74.
1152 2792 1182 2804 -
1204 2766 1256 2815 iam
1276 2783 1323 2834 pro
1345 2781 1443 2833 quicque

323 2845 430 2916 alliaque
441 2849 606 2918 scriptoribus
613 2891 621 2916 ,
633 2850 761 2921 originem
775 2869 849 2904 voea-
905 2850 945 2896 ⁴⁵·

322 2929 600 3000 bolimsptetenu'bus,
615 2935 715 2988 erudite
726 2937 853 2988 nidosve·
936 2931 976 2980 ⁸⁰·
988 2927 1056 2997 smil
1079 2935 1105 2977 ll
1133 2945 1147 2979 Ι
1169 2947 1262 2982 ῐΰ-ωθ·
1279 2928 1349 2981 414148
1365 2947 1443 2998 ΨΜ

323 3009 385 3062 cari.
406 3030 431 3063 v.
451 3011 756 3076 sdv‚tat.iucomm.
773 3019 849 3067 luve·
898 3013 1350 3084 secitinarboremconj.sobursll.
1532 3025 1533 3030 ’

324 3093 483 3150 aetianae
501 3095 570 3166 uqa
593 3107 716 3162 amara
734 3100 853 3166 ,666
937 3098 1326 3166 summationem.
1348 3105 1445 3152 «au.
1531 3087 1533 3170 ,

323 3177 500 3245 persuadebit,
516 3180 588 3232 rudos
601 3177 764 3234 librariorum
780 3184 850 3253 iuge-
903 3185 1010 3234 49-27.
1025 3185 1135 3234 »ts—so.
1151 3187 1191 3234 54.
1206 3187 1315 3236 56-69.
1329 3189 1445 3237 74-74,
1531 3177 1533 3295 1

323 3257 368 3310 nio
381 3258 487 3312 deberi?
505 3263 634 3330 suspicari
656 3276 740 3320 tamen
757 3266 852 3335 possis,
902 3272 927 3316 et
939 3261 1046 3316 dimidia
1059 3281 1115 3332 para
1125 3263 1200 3316 MSS.
1219 3263 1298 3317 Paria.

323 3339 373 3392 boo
386 3360 416 3394 ea
429 3345 464 3406 V,
476 3351 532 3397 444.
544 3347 651 3414 petitum
669 3365 725 3400 ease
737 3358 763 3402 64
780 3349 853 3402 ado·
938 3351 978 3399 8³.
988 3346 1079 3398 levabit
1104 3351 1142 3400 46.
1166 3350 1205 3398 47.
1224 3353 1265 3399 43.
1281 3355 1322 3400 47.
1334 3353 1446 3400 49-77.

323 3425 706 3499 commutaturum.
902 3430 1061 3482 46.54-63.
1079 3433 1120 3482 65.
1141 3435 1251 3482 66-69.
1280 3437 1395 3483 74-74.
1419 3441 1446 3482 et
1530 3469 1532 3510 r

358 3545 399 3594 75
412 3537 571 3595 ΜΗ,
901 3509 1058 3564 XVttaodt.
1071 3513 1148 3564 Paris.
1165 3509 1238 3581 prob
1248 3511 1323 3566 Aclt
1331 3512 1397 3580 quia
1407 3531 1445 3567 se·
1530 3513 1532 3576 l

900 3592 988 3662 quitur
996 3595 1103 3663 [6444664
1120 3604 1145 3646 64
1158 3607 1306 3664 gustaverat.
1531 3593 1532 3618 ¹

356 3673 397 3720 76.
410 3673 708 3740 φησωααὶὶηιωιίαυ.
722 3677 849 3750 admarg.
936 3681 976 3730 65.
998 3677 1204 3746 ruptoprcedam
1231 3683 1273 3728 64.
1292 3681 1334 3732 67
1343 3683 1389 3731 63.
1404 3685 1445 3733 66.

321 3748 441 3804 Glossae:
455 3754 752 3832 Alimouiunutpepaiom
761 3765 847 3836 τροφή,
898 3763 939 3814 67.
948 3765 989 3814 66.
1006 3765 1159 3813 74-74.-
1132 3768 1367 3830 -gustcveritlt.
1377 3764 1443 3831 (alia

321 3843 348 3887 et
360 3835 451 3888 eadem
464 3855 526 3892 voce
538 3853 645 3894 ususest
659 3842 734 3894 Varr.
748 3847 777 3896 R.
792 3849 850 3911 444,
898 3840 989 3904 lectio,
1011 3844 1044 3896 ab
1062 3843 1151 3898 eadem
1173 3863 1252 3900 mauu
1275 3851 1379 3915 notata)
1401 3853 1444 3901 77.

321 3919 352 3978 8,
367 3921 390 3968 7.
403 3919 441 3978 ll.
458 3928 484 3984 4,
498 3926 583 3983 tas.
610 3929 648 3976 46.
667 3926 721 3988 Ill,
742 3933 781 3978 46
798 3927 850 3980 Sed
898 3929 939 3980 25.
958 3930 998 3980 27
1020 3934 1060 3982 49.
1079 3933 1119 3982 50.
1151 3935 1260 3984 56-65.
1273 3936 1313 3985 68
1330 3939 1442 3988 71-74.

320 3995 379 4051 alibi
391 3960 484 4070 ,6664
497 4005 585 4068 sciam,
606 4025 637 4060 ea
653 4026 705 4060 nou
719 4011 848 4076 oecumit,
897 4015 1030 4082 gestaverat
1042 4018 1082 4064 46
1098 4019 1138 4065 47.
1150 4019 1192 4066 66.
1204 4018 1245 4066 67.

318 4091 344 4134 el
364 4085 451 4138 nalem
465 4091 587 4144 mamutio
601 4089 847 4164 ttrrntserpen-
931 4099 972 4148 65.
991 4095 1117 4148 &maim
1137 4105 1159 4148 4.
1178 4100 1269 4150 atto.
1288 4102 1328 4148 44.
1342 4103 1441 4154 ton.

318 4170 356 4214 tes
369 4175 394 4216 64
408 4165 524 4223 lacertae.
537 4201 571 4216 -
583 4179 671 4243 pennis
685 4180 725 4228 to.
746 4181 784 4227 43.
807 4183 845 4230 45.
898 4183 940 4231 45.
954 4183 996 4230 49.
1011 4184 1052 4232 70.
1065 4185 1107 4233 76.
1126 4185 1167 4234 76.
1181 4179 1325 4234 Quaen
1348 4186 1391 4235 to.
1402 4189 1440 4236 45.

318 4252 360 4300 46.
379 4257 653 4311 47.48-27.4.5-50.
669 4265 847 4313 54-5974-
898 4267 939 4314 46.
955 4266 1053 4325 4820.
1068 4269 1112 4317 24.
1128 4269 1245 4319 23-27.
1269 4270 1381 4320 46-48,
1400 4271 1440 4320 50.

320 4330 480 4388 aternum
495 4340 847 4406 plania,ait·erumest,.de
898 4348 1003 4397 54-69.
1027 4351 1133 4399 74-74.
1156 4353 1200 4400 77.
1227 4345 1373 4400 Caetronius
1398 4355 1437 4402 47.

316 4425 367 4474 quo
393 4421 478 4466 tamen
496 4418 612 4472 dubitare
635 4417 710 4484 ticet,
733 4421 771 4476 ita
795 4421 844 4476 dici
898 4424 1022 4480 Caeratea
1040 4433 1065 4482 8.
1087 4439 1113 4484 el
1133 4446 1194 4482 mox
1213 4447 1240 4486 v.
1255 4434 1296 4488 92.
1321 4429 1442 4484 0446144444
