3028 5492
242 397 247 406 ·
311 349 457 454 lxxx.
617 369 771 456 00000000.
793 387 991 457 00000000
1026 391 1114 458 uss.

311 591 370 656 alia
389 613 485 681 eaque
505 591 614 679 parion
634 615 761 674 manns,
788 594 894 679 qualis
925 591 1056 660 Saeculo
1076 593 1124 658 XI
1146 592 1272 680 propria
1292 601 1354 670 est,
1375 589 1444 660 ‹le-

313 691 533 773 prelaanditurs
554 713 644 776 quana
667 702 766 754 tamen
789 691 986 775 conspicuam
1006 693 1121 754 faciunt
1142 693 1270 754 maiores
1290 691 1445 755 inflectio·

313 809 387 860 nes,
418 790 525 851 crebra
544 792 590 864 ii,
611 789 745 872 simple
766 809 824 872 pro
843 809 902 864 ae,
923 787 1005 871 quosl
1033 789 1186 850 interdum
1202 787 1357 862 occurrit,
1378 809 1446 849 un·-

313 885 402 948 ciules
433 895 490 947 cet.
527 884 565 946 ln
596 885 704 945 ultimo
732 885 844 948 deinde
875 884 951 946 folio
979 884 1070 967 prior
1100 884 1180 946 redit
1201 905 1323 946 manusc
1355 883 1446 967 quod

313 981 482 1044 certissimo
503 991 548 1042 cst
568 989 764 1064 argumento,
780 1003 841 1042 ana
860 1003 930 1043 cum
946 982 1060 1043 maiore
1071 982 1240 1063 scriptura,
1261 1003 1339 1064 quae
1353 981 1446 1044 Sacc.

309 1079 371 1140 Xll
404 1078 594 1139 usitatissima
626 1087 712 1153 erat,
747 1077 898 1138 minorem
923 1097 1047 1160 quoqne
1078 1097 1206 1158 eamque
1227 1077 1446 1140 rotundiorem

232 1227 238 1250 ,
309 1173 503 1257 superiorum
524 1183 698 1255 temporum
719 1173 885 1257 riguisse.»
909 1173 1030 1236 Multae
1050 1173 1115 1234 eius
1137 1173 1282 1235 lectiones
1302 1183 1375 1234 snut
1388 1173 1448 1234 bo·

311 1295 367 1335 nae
389 1269 435 1334 sel
458 1271 670 1334 memorabiles
696 1281 727 1334 et
745 1271 935 1354 singulares,
967 1271 1072 1360 plures
1092 1279 1197 1332 tamen
1217 1271 1279 1336 sive
1301 1271 1447 1356 vulgares

310 1371 373 1434 sive
392 1369 529 1433 vitiosae.

351 1462 482 1524 Codices
505 1460 777 1546 Norimbergenses
804 1464 953 1525 secundus
977 1469 1012 1526 ‘et
1042 1466 1147 1526 tertiam
1182 1463 1245 1536 (05.
1280 1463 1339 1538 06.)
1367 1473 1447 1525 snnt

311 1559 465 1620 chartacei
485 1567 516 1619 et
535 1557 659 1619 scholiis
680 1559 820 1621 instructi
842 1559 924 1621 inter
944 1559 1054 1635 linens,
1074 1557 1126 1620 sed
1139 1567 1295 1630 recentes,
1313 1579 1331 1620 e
1350 1559 1445 1622 Saec·

313 1654 388 1715 XV.
409 1660 450 1726 (s.
472 1653 616 1715 Mannert
637 1653 657 1715 l.
673 1654 706 1730 l.)
727 1675 827 1738 neque
847 1677 885 1718 ex
905 1656 1022 1738 optimo
1043 1655 1127 1716 ducti
1142 1655 1299 1739 exemplo:
1326 1655 1446 1716 habent

311 1751 584 1814 tamenlectiones
605 1773 835 1835 nonnumquam
858 1751 1006 1815 notabiles
1027 1763 1057 1815 et
1077 1753 1128 1816 six
1149 1752 1223 1816 olibi
1244 1753 1359 1818 obvias.
1384 1753 1446 1816 llle

311 1849 345 1910 in
366 1850 428 1922 400.
450 1856 481 1908 et
503 1846 600 1909 nitide
619 1847 651 1908 in
672 1847 776 1924 ltalia,
809 1848 859 1910 hio
886 1849 917 1910 in
939 1847 1004 1912 Fol.
1036 1843 1279 1914 et‘vitiosissime
1299 1851 1444 1913 omnium

311 1946 441 2030 scriptus
460 1953 515 2008 est.

354 2061 476 2122 07-00
499 2042 755 2124 Gaelplaerbytani
773 2063 797 2104 0.
819 2039 961 2105 Gudiani
983 2051 1126 2126 quatuor,
1140 2043 1389 2120 membranacei,

310 2159 442 2219 quorum
463 2137 540 2198 mihi
561 2159 648 2200 usura
670 2137 903 2222 perhumaniter
917 2137 1068 2202 concessit
1087 2139 1224 2219 Langen,
1254 2139 1365 2203 Ducsli
1384 2139 1443 2202 lsi-

310 2233 482 2297 bliothecae
502 2236 685 2319 praefectus.
920 2307 922 2310 ¹

354 2351 401 2412 ¹7.
422 2329 584 2391 Gudianus
601 2331 739 2422 psincus,
770 2329 827 2391 No.
852 2331 919 2393 056.
941 2340 1079 2408 notatas,
1110 2331 1261 2414 quadrato
1280 2328 1442 2392 volumina

311 2423 401 2498 moi,
424 2445 440 2484 e
460 2423 543 2484 bono
563 2433 593 2485 et
613 2433 730 2485 vetusto
750 2421 831 2484 libro
852 2425 883 2484 in
905 2423 968 2488 line
988 2426 1073 2488 Soec.
1098 2426 1160 2488 XII
1181 2426 1229 2489 vel
1248 2424 1336 2488 initio
1356 2425 1442 2488 Xlll

310 2519 488 2600 descriptus.
524 2519 561 2579 ln
588 2539 625 2581 co
655 2529 790 2582 servatur
821 2519 954 2602 vulgaris
985 2521 1093 2584 divisio
1116 2523 1148 2584 in
1168 2520 1305 2606 quinque
1324 2519 1445 2594 libros,

310 2635 387 2700 quae
409 2625 509 2676 tamen
529 2616 576 2676 bis
598 2625 739 2692 tantum,
772 2617 804 2676 in
836 2615 988 2699 principio
1008 2618 1070 2679 Sat.
1091 2619 1138 2680 vt
1158 2630 1189 2680 et
1209 2619 1258 2692 X,
1286 2625 1384 2678 notata
1409 2628 1444 2680 et

310 2733 368 2794 pro
391 2710 577 2793 argumentis
599 2711 764 2786 brevibus,
793 2733 869 2794 quae
900 2711 1027 2794 reliquls
1048 2712 1154 2774 Satiris
1185 2713 1319 2794 praelixa
1342 2721 1441 2786 sunt,

309 2803 474 2866 substituta
505 2813 558 2874 est.
584 2803 694 2864 Eadem
718 2827 823 2866 maniis
844 2815 874 2866 et
895 2815 1010 2868 textum
1031 2815 1140 2890 poe'tue
1160 2807 1281 2887 scripsit
1300 2805 1443 2868 etecho-

309 2901 365 2976 lia,
385 2921 480 2984 eaque
501 2901 640 2963 breviora
663 2901 742 2961 inter
772 2901 890 2976 lineas,
921 2903 1061 2964 uberiora
1089 2903 1129 2964 ad
1152 2903 1339 2984 marginem,
1358 2922 1444 2985 quae

309 2997 492 3080 pleramque
522 2996 657 3078 vulgaris
685 3007 755 3060 sunt
778 3007 808 3059 et
830 3019 938 3079 parum
961 2999 1068 3073 utilia,
1102 2999 1150 3062 sol
1183 2997 1445 3060 scholasticorum

309 3113 438 3155 acumen
450 3091 581 3173 supinat.
602 3091 665 3168 Qui
685 3101 788 3154 tamen
809 3098 873 3155 otio
894 3093 1072 3173 abundant,
1094 3115 1145 3157 eos
1166 3116 1228 3156 non
1250 3091 1338 3176 plane
1358 3114 1443 3177 poe·

310 3187 441 3262 nitebit,
461 3188 537 3249 baec
556 3185 671 3249 scholia
686 3187 861 3252 excussisse.

354 3285 400 3346 08.
422 3281 585 3344 Gudianus
603 3283 752 3346 secandus
772 3286 848 3360 (Νο.
864 3295 964 3365 000),
985 3284 1123 3350 ciusdem
1144 3287 1283 3360 formas,
1304 3281 1357 3346 sed
1378 3303 1440 3346 re·

310 3377 500 3440 centissimus
528 3388 659 3459 quatuor
679 3379 801 3442 illorum
822 3381 984 3458 codicum,
1014 3391 1046 3445 et
1066 3382 1198 3444 mutilus.
1235 3381 1352 3442 Desunt
1372 3379 1443 3440 Sat.

309 3475 423 3548 I-Vl,
450 3476 515 3538 066.
542 3473 797 3548 x1{,125-130.
820 3479 917 3550 Xlll,
943 3503 1047 3546 0-00,
1061 3479 1185 3554 03-(0.
1206 3475 1353 3540 53-008.
1373 3477 1444 3538 006

309 3583 412 3652 ..040
433 3571 522 3643 XIV,
546 3571 792 3656 estse-83.
814 3575 883 3636 068.
904 3575 1002 3650 XVI,
1026 3575 1078 3637 60.

354 3686 399 3747 ¹9·
434 3669 597 3730 Gudianus
630 3672 735 3730 tertius
769 3670 851 3746 (No.
872 3671 979 3750 boin),
1016 3672 1133 3734 formae
1153 3679 1302 3746 octavae,
1332 3667 1445 3730 medio

308 3765 388 3828 forte
407 3764 493 3828 Saee.
515 3767 593 3827 XIV
613 3766 759 3848 scriptas.

351 3883 400 3926 00.
427 3861 588 3925 Gudianus
607 3877 734 3948 quartus
754 3865 837 3938 (Νο.
861 3864 947 3942 53.),
967 3866 1104 3942 formae,
1124 3885 1202 3949 quae
1221 3864 1351 3949 infolio
1376 3885 1441 3926 vo·

310 3970 408 4034 catur,
428 3961 482 4023 aed
510 3959 689 4024 recentioris
710 3981 833 4044 quoque
864 3961 967 4024 aetatis
997 3963 1149 4046 (scriptus
1176 3985 1202 4024 0.
1227 3962 1443 4040 1384),cum

310 4056 435 4118 scholiis
449 4057 652 4132 brevissimis,
672 4077 750 4141 quae
769 4057 908 4119 versibus
928 4059 1120 4141 interscripta
1141 4069 1221 4120 sunt.

349 4175 400 4214 00.
421 4163 452 4214 et
473 4175 524 4216 00.
545 4153 806 4216 Schonbornenses
825 4173 850 4214 0.
864 4154 1074 4233 Gaybaceuscs
1095 4154 1177 4230 duo,
1201 4153 1440 4232 membranacei,

310 4245 426 4320 formae
446 4245 600 4328 oblongae
621 4257 650 4308 et
669 4247 857 4332 quadratae,
872 4249 925 4330 qui
946 4249 1101 4333 Gnybeoi,
1124 4249 1156 4308 in
1176 4258 1274 4310 tractu
1294 4249 1440 4310 Franco-

309 4338 377 4401 niae
398 4339 684 4421 Steigerwulclensi,
713 4351 744 4404 et
770 4340 895 4427 quidem
916 4343 948 4404 in
973 4343 1161 4407 bibliotheca
1180 4343 1336 4408 Illustrias.
1369 4341 1441 4404 Co-

311 4431 393 4526 mitia
412 4430 451 4498 do
470 4433 658 4502 Schbaborn
678 4447 847 4506 serrantur.
867 4439 991 4506 Horam
1013 4437 1161 4506 lectiones
1181 4439 1331 4508 variantes
1349 4457 1444 4508 acces
