3056 5490
555 436 703 498 surius
744 441 780 494 V.

103 639 323 710 vertentem
343 661 443 726 sese,
462 633 603 710 frustra
621 635 815 710 sectabere
832 638 1030 729 canthum,

101 757 228 849 Quum
248 769 330 828 rota
348 755 535 855 posterior
554 777 684 826 curras
704 771 742 827 et
760 755 802 826 inv
820 781 887 828 axe
905 754 1084 832 secundo.

154 868 344 942 Libertate
355 893 452 972 opus
462 885 533 957 est,
546 893 625 942 non
636 869 718 958 hac,
728 897 842 972 quam
856 875 1073 978 utquisque
1086 838 1240 950 Velina¹

98 981 257 1058 Publius
275 983 456 1074 emeruit,
475 983 684 1060 scabiosum
703 983 884 1060 tesserula
902 983 961 1058 far

100 1213 232 1280 (Homer.
247 1209 276 1266 ΙΙ.
291 1230 319 1276 s,
333 1212 412 1281 ⁷28.)
426 1212 528 1281 proprie
540 1211 638 1266 lamina
686 1212 748 1268 satis
762 1213 881 1280 seciaet,
894 1215 1074 1289 docuissetque
1089 1217 1223 1280 breuibus,

98 1296 202 1360 ferrea,
228 1313 294 1367 quae
318 1305 404 1347 rotam
429 1295 519 1350 ambit.
541 1308 638 1349 murone
687 1307 814 1370 quantum
827 1299 858 1352 sd
872 1298 972 1353 beatam
986 1300 1121 1356 bominum
1134 1301 1218 1357 eitam

98 1381 144 1432 sub
156 1397 222 1444 urso,
234 1377 284 1432 ssrb
294 1377 386 1431 eodem
398 1397 490 1432 curru:
505 1399 557 1449 quo
570 1378 638 1433 illud
686 1382 810 1450 referret,
823 1382 939 1436 libertate
953 1383 1005 1449 uti,
1022 1387 1094 1440 cuius
1109 1379 1173 1439 vera*
1181 1386 1221 1438 in·

95 1476 269 1534 propeterea
282 1461 367 1515 solum
381 1463 535 1534 explicatur,
546 1481 650 1524 verum,
687 1459 759 1516 doles
774 1472 800 1517 et
824 1464 975 1518 Stoicorum
993 1475 1081 1518 mente
1100 1466 1127 1519 in
1148 1485 1221 1540 seqq.

99 1547 180 1600 etiam
197 1545 238 1604 ris
264 1546 319 1599 eius
336 1557 452 1616 augetur.
484 1548 567 1616 Quam
590 1551 638 1616 (tu
687 1543 849 1600 describitur.
866 1547 925 1600 Nou
943 1565 1073 1602 eumesse
1093 1547 1222 1614 liberum,

99 1633 193 1700 quasi)
206 1641 263 1682 rom
276 1633 398 1700 posterior
406 1650 502 1684 carras.
521 1633 588 1701 Apta
598 1640 638 1685 est
688 1628 782 1682 Noster
794 1626 921 1699 disputat,
948 1632 994 1699 qui
1016 1630 1134 1686 libertate
1150 1631 1222 1690 civili

98 1717 188 1786 imago
203 1725 230 1768 et
242 1734 333 1768 sensus
343 1727 459 1785 apertus:
477 1717 513 1768 Vt
524 1725 581 1769 rota
593 1735 636 1786 po·
687 1723 781 1767 utatur.
796 1714 914 1768 Primum
931 1715 1001 1769 ridet
1017 1716 1150 1788 vulgarem
1165 1719 1222 1790 opi·
1284 1712 1300 1768 ζ

98 1801 192 1852 aterior
204 1815 350 1868 numquam
364 1801 531 1866 anteriorem,
546 1819 637 1871 quam·
685 1799 810 1863 aionem,
827 1818 876 1870 qua
902 1819 991 1854 servus
1015 1819 1128 1872 nequam
1156 1803 1222 1858 liber

44 1918 48 1930 .
99 1901 180 1954 quam
194 1884 243 1936 sub
256 1884 353 1938 eodem
366 1903 460 1948 curru,
475 1873 638 1960 minimaque
686 1883 847 1958 existimetur
860 1893 886 1939 et
898 1883 1036 1949 bonatus,
1050 1887 1155 1958 quaudo
1166 1905 1220 1939 ma·

99 1966 220 2020 distantia
233 1985 260 2019 se
277 1977 439 2031 vertentem,
466 1967 636 2038 adsequetur3
686 1969 815 2020 uumisaus
836 1969 884 2038 sitq
910 1967 1006 2022 deiude
1030 1981 1125 2040 negat,
1153 1969 1219 2024 illud

99 2051 137 2101 sio
148 2047 213 2102 illud
227 2049 350 2118 temporis
363 2059 540 2114 momentum,
557 2049 638 2121 quod,
686 2053 771 2103 virere
783 2063 809 2103 ru
822 2051 887 2104 velr'a
898 2061 967 2105 recte
979 2051 1082 2122 avaalgo
1095 2051 1218 2125 intelligl3

97 2132 220 2202 quamuis
236 2133 336 2205 exiguis
357 2132 459 2202 spatiis,
475 2151 579 2206 semper
596 2143 633 2186 ta·
686 2133 793 2187 tandem
814 2133 846 2187 de
863 2133 909 2186 bae
926 2152 954 2186 re
974 2135 1046 2204 quasi
1061 2134 1178 2190 scholam
1191 2155 1221 2190 se

101 2234 164 2271 meu
181 2217 286 2280 differs,
305 2233 451 2286 numquam
471 2215 518 2269 tibi
531 2217 633 2270 contin·
685 2215 870 2285 explicaturum
883 2222 1026 2288 profitetur.
1040 2219 1163 2275 Ceterum
1175 2238 1222 2274 no-

102 2313 162 2371 get,
175 2312 263 2372 quote
280 2299 435 2354 adrectiora
450 2300 536 2354 studia
553 2311 580 2354 et
592 2300 637 2354 bo·
686 2307 744 2353 tam
757 2310 797 2354 est
816 2301 886 2356 iuter
901 2301 1049 2355 Stoicorum
1068 2301 1219 2372 discipliuae

102 2403 163 2438 nam
183 2395 299 2438 mertem
326 2385 360 2438 sis
384 2383 538 2440 conlatauus·
567 2397 590 2436 et
609 2386 637 2436 ia
686 2384 774 2436 effata:
791 2382 831 2438 dra
845 2381 987 2458 abebqpor
1001 2381 1107 2452 δοῦλος,
1122 2385 1165 2440 καὶ
1179 2385 1220 2440 ὅτι

101 2470 286 2532 wermuda,
304 2478 329 2522 et
347 2469 375 2522 ia
396 2487 492 2532 curru,
518 2467 637 2521 celeriter
685 2466 760 2537 pisae
778 2468 852 2538 copie
867 2467 1005 2537 sisai-ism.
1020 2467 1120 2522 ofiCic.
1128 2469 1219 2538 parad.

101 2564 183 2606 moto.
216 2553 301 2606 Aliter
314 2553 434 2608 eamdem
447 2571 505 2606 rem
517 2555 636 2623 expressit
687 2555 711 2604 b.
740 2549 788 2605 Cui
804 2551 876 2620 quasi
899 2550 1071 2604 fundamento
1099 2551 1221 2624 reliqua,

101 2642 190 2692 Horat
207 2638 289 2708 Epist
303 2643 332 2703 1,
345 2643 370 2692 2.
393 2643 422 2690 ιι
445 2657 499 2706 seq.
519 2648 546 2691 et
563 2647 633 2690 tem·
685 2651 752 2704 quse
765 2633 900 2698 dicuutur,
914 2643 1085 2703 superstructa
1097 2645 1167 2690 sunt.
1219 2670 1222 2677 -

100 2721 171 2791 poris
188 2722 352 2792 fugacitatem
379 2722 482 2792 egregie
505 2718 636 2792 descripsit
719 2723 760 2771 73.
774 2717 900 2780 mutuo,
919 2729 1032 2787 quamue
1048 2720 1150 2789 piisque
1161 2735 1218 2790 pros

100 2804 183 2858 Ouid.
196 2806 259 2858 Met.
269 2805 327 2871 XV,
341 2809 387 2860 ⁴79
400 2821 455 2875 seq.
686 2819 740 2856 nou
753 2800 817 2870 bac,
833 2819 883 2871 qua
895 2839 903 2865 ‚
916 2811 945 2853 ut
956 2805 1065 2872 quisque
1075 2821 1142 2856 eam.
1164 2802 1219 2858 Vr·

135 2894 244 2943 73-90.
274 2893 330 2942 lam
357 2887 488 2958 reliquum
509 2898 579 2954 erat,
606 2897 637 2941 ut
684 2888 739 2940 lissa
755 2905 807 2940 uua
823 2895 879 2939 erat
892 2904 907 2938 e
921 2885 1038 2939 tribubus
1049 2887 1157 2943 rusticis.

100 2972 206 3028 doceret
222 2977 296 3042 pobta
306 3005 317 3036 ,·
337 2991 384 3026 cur
403 2973 467 3027 haec
489 2972 578 3027 dilatio
591 2991 632 3026 sa·
720 2977 760 3025 74,
771 2971 876 3026 Publius
889 2969 996 3036 Velina,
1007 2969 1113 3024 Publius
1123 2989 1138 3024 e
1148 2973 1219 3028 tribu

101 3055 213 3126 pientiae
223 3057 302 3110 studii
312 3056 378 3125 apud
386 3056 447 3109 istos
459 3056 566 3126 ignaros
572 3073 638 3110 sem·
686 3055 791 3111 Velina:
805 3062 904 3128 queisque
918 3055 1042 3120 Publius,
1058 3075 1120 3127 pro:
1137 3057 1216 3110 un'us·

101 3139 204 3209 piterna
221 3139 255 3193 sit
268 3151 295 3194 et
313 3157 368 3192 esse
387 3139 493 3208 debdat3
521 3140 590 3210 quod
607 3148 637 3192 ut
686 3140 795 3210 quiaque
811 3139 876 3194 civis
893 3141 1023 3191 Romanus
1035 3138 1126 3191 sactus.
1141 3139 1221 3192 Plena

102 3221 217 3290 iacent,
234 3223 393 3293 paucissimis
410 3222 495 3278 verbis
516 3225 638 3292 potuisset
687 3221 806 3275 libertate
830 3220 919 3274 donati
935 3231 970 3276 et'
981 3221 1113 3274 civitatem
1130 3231 1156 3275 et
1169 3240 1221 3276 oo·

101 3305 222 3377 defungi,
235 3305 342 3358 adiectis
356 3305 395 3358 bis
407 3327 413 3356 ι
427 3315 488 3358 sunt
500 3306 571 3357 esaim
584 3325 636 3359 uon
688 3323 751 3357 meu
766 3303 961 3357 manumissoris
977 3305 1142 3375 adcipiebaut
1153 3317 1180 3360 et
1192 3305 1221 3358 irs

101 3391 143 3441 sui
156 3391 238 3454 iuris,
255 3389 299 3442 sed
316 3387 477 3459 voluptatum
490 3398 515 3440 et
533 3389 633 3458 cupidi·
686 3387 802 3458 aliquam
820 3386 916 3438 tribum
935 3387 1120 3440 reserebantur.
1150 3407 1216 3442 erse·

102 3482 185 3525 tatum
207 3473 354 3542 mancipia,
371 3489 480 3542 quarum
498 3471 637 3542 imperium
687 3475 743 3525 ruis.
775 3470 884 3524 Adlardit
897 3471 1003 3524 iorbsse
1016 3470 1108 3524 Noster
1120 3471 1152 3526 ad
1169 3489 1220 3526 ne-

101 3559 130 3609 in
145 3555 200 3610 dies
217 3557 299 3628 magis
312 3558 445 3627 magisque
461 3561 638 3618 confirmatur.
688 3553 766 3608 landa
778 3553 823 3606 illa
837 3553 995 3621 ministeria,
1008 3555 1099 3623 quibus
1111 3573 1126 3606 a
1139 3553 1221 3610 domi-

102 3643 194 3693 Horat.
208 3640 259 3692 Od.
273 3643 343 3706 11,2.
358 3647 374 3692 9
388 3658 441 3708 seq.
458 3639 601 3692 Enimvero
613 3637 638 3691 id
689 3639 730 3692 nis
753 3637 985 3690 maaaamissionem
1002 3638 1130 3708 inpetrare
1151 3641 1221 3693 serui

38 3731 39 3736 ’
102 3735 158 3776 erat
174 3721 340 3794 illudipsum
357 3721 640 3794 argumentum,quod
690 3721 841 3776 studebantr
860 3719 1021 3791 namsirupl.
1042 3740 1106 3792 pro:
1132 3731 1220 3776 nactus

103 3809 187 3861 fusius
203 3808 366 3860 tractandum
384 3807 411 3858 in
429 3807 477 3860 bac
497 3807 571 3874 satira¹
589 3807 639 3860 sibi
689 3817 745 3869 est,
763 3805 828 3858 illud
846 3805 958 3876 positum
985 3823 1039 3858 esse
1055 3815 1084 3858 ut
1094 3805 1221 3873 ¹credam,

103 3904 285 3963 proposuerat,
302 3893 334 3946 ad
359 3891 428 3963 quod
452 3892 502 3946 sibi
523 3910 568 3961 per
590 3911 637 3956 ea,
689 3905 759 3942 ame
778 3890 907 3959 inpetrare
925 3907 977 3940 nou
994 3905 1105 3958 possum
1131 3889 1222 3942 Liber·

103 3997 170 4046 quae
194 3978 221 4029 in
245 3975 378 4031 autecedd.
397 3976 552 4042 dictasunt,
571 3976 639 4028 viam
688 3984 767 4026 tatem
791 3992 852 4026 uero
879 3973 982 4044 plenam
1009 3972 1223 4030 nanciscebantur

103 4060 177 4129 quasi
205 4061 335 4126 munivit,
359 4077 445 4130 quum
462 4060 545 4129 prius,
566 4061 639 4110 utin
690 4075 721 4109 es
738 4056 796 4129 lege
812 4057 931 4110 Norbana
945 4055 977 4108 ab
1004 4073 1027 4109 a.
1044 4057 1076 4106 V.
1092 4075 1114 4110 c.
1127 4057 1223 4111 titii

104 4141 230 4214 epistola,
247 4143 319 4196 cuius
335 4143 448 4194 sormam
472 4145 563 4196 satirae
580 4139 640 4194 huic
690 4140 774 4195 solum
782 4139 847 4209 ‚qui
861 4137 904 4193 vel
927 4157 972 4208 per
994 4138 1148 4207 vindictam,
1180 4143 1222 4196 vel

105 4226 211 4291 induit,
233 4245 290 4280 mos
304 4237 329 4280 et
341 4225 502 4279 consuetudo
514 4226 580 4290 sert,
597 4243 638 4276 ca·
689 4245 737 4297 per
757 4242 882 4287 censum,
906 4221 948 4278 rel
971 4242 1017 4294 per
1040 4235 1222 4279 testamentum

106 4311 177 4364 riuti
191 4329 252 4363 strae
265 4321 290 4363 et
302 4311 445 4381 gratissimo
458 4310 486 4362 in
496 4311 640 4362 Cornutum
691 4311 809 4364 libertate
823 4307 911 4360 donati
923 4317 1004 4361 erunt.
1018 4309 1051 4361 lli
1062 4307 1110 4362 soli
1120 4329 1223 4382 quoque

106 4405 300 4465 praeceptorem
315 4395 404 4446 aniuao
417 4391 504 4465 lucullo
518 4391 641 4464 prolixius
692 4393 811 4448 oninium
823 4388 1037 4458 commodorum,
1048 4391 1141 4462 quibus
1153 4392 1224 4447 cissa

212 4548 291 4623 lvv.
318 4547 346 4618 l.
1060 4543 1122 4615 Ee
