3078 5494
467 979 470 989 Ι
558 835 874 942 excvrsvs
958 961 962 969 ⁸

690 1123 735 1170 ΑΙ)

366 1339 603 1436 QVAEDAM
630 1321 1049 1444 rvvnrfflsssuoct.

536 1775 892 1837 nxcvttsvs

590 1959 637 2017 An
648 1957 723 2028 Str.
735 1957 761 2030 l,
781 1957 845 2037 157.

156 2109 281 2214 Versus
294 2150 516 2234 perobscurus,
537 2151 620 2214 ouius
641 2161 673 2215 et
692 2151 783 2215 lectio
815 2161 845 2215 et
865 2152 1072 2235 interpretatio
1096 2160 1155 2216 tum
1177 2153 1270 2217 totta

157 2255 203 2308 est
223 2255 311 2336 utque
341 2254 403 2306 tum
424 2265 532 2327 purum
553 2245 713 2308 commode
733 2246 873 2329 expedita
894 2246 933 2308 ub
953 2247 1139 2323 editoribus,
1162 2257 1196 2311 ut
1217 2251 1271 2312 Pi-

160 2340 271 2403 tho'eue
284 2337 500 2422 profiteretur,
522 2339 640 2402 nullum
662 2341 692 2401 in
715 2340 760 2402 bie
780 2339 886 2402 Satiris
907 2341 1009 2404 locum
1029 2362 1110 2420 enee,
1130 2363 1219 2425 quem
1233 2363 1272 2410 ex

161 2438 429 2518 grummntieorum
443 2435 546 2518 gloeeie
567 2437 666 2498 minue
686 2440 881 2518 grammatico
902 2435 1098 2500 intellexerit.
1128 2439 1271 2500 Varieta-

160 2541 222 2593 tem
238 2531 375 2593 lectionis
394 2551 486 2612 eupru
513 2531 550 2591 uel
565 2530 595 2590 lu.
616 2530 636 2591 l.
658 2529 860 2593 enotnrimue:
882 2551 965 2593 nuno
978 2533 1081 2614 puucie
1099 2532 1272 2594 recensebi-

160 2647 230 2686 mno
244 2625 378 2708 potiores
392 2625 527 2688 virorum
547 2626 707 2688 doctorum
722 2624 922 2688 coniecturae.
953 2625 1099 2688 Nonnulli
1110 2626 1272 2708 legendum

160 2731 268 2805 putant
286 2725 339 2805 qui
358 2719 457 2802 ducit}
476 2721 606 2784 Withof.
624 2730 656 2783 et
675 2719 800 2782 Schrad.
811 2723 872 2800 pix
887 2721 989 2794 dacin
1008 2721 1128 2784 Flavius
1141 2730 1172 2783 et
1184 2722 1269 2795 liele,

159 2835 249 2877 versu
271 2817 330 2876 hoo
350 2813 522 2898 pott'159l
544 2813 655 2898 posito,
676 2813 826 2886 deducam
857 2813 977 2896 Lipsius
1006 2813 1044 2876 ed
1065 2813 1135 2876 Son.
1164 2813 1203 2876 de
1222 2814 1270 2875 irn

161 2909 218 2984 lll,
241 2909 270 2972 3.
291 2929 329 2971 ex
351 2920 409 2972 vet.
428 2909 498 2973 eod:
529 2912 570 2970 Et
589 2910 668 2972 tatus
688 2901 823 2970 mediam
847 2909 946 2970 solorre
969 2908 1090 2971 diducit
1120 2929 1266 2984 armato,

158 2999 242 3088 qnod
274 3003 443 3086 probarunt
470 2995 607 3087 Souliger
637 3002 763 3065 Emend
787 3003 895 3087 Temp.
924 3003 978 3066 lib.
999 3005 1036 3065 V.
1065 3013 1096 3067 et
1114 3005 1271 3067 Ferrarius

84 3173 87 3180 Ι
156 3099 255 3162 Eleot.
285 3099 326 3174 ll,
351 3122 379 3182 7.
400 3099 452 3182 qui
479 3118 586 3160 omnen
615 3099 730 3161 sulcum
751 3096 927 3162 intellexere
945 3098 984 3162 de
1011 3099 1089 3162 moen
1107 3101 1140 3161 in
1172 3099 1272 3164 medin

157 3215 272 3270 arene,
295 3216 356 3276 que
370 3193 432 3256 viri
455 3213 684 3276 nonnumquam
705 3192 813 3255 defossi
827 3193 887 3256 nint
906 3203 937 3255 et
956 3195 1090 3257 cremati.
1109 3196 1157 3258 ltu
1175 3205 1208 3259 et
1225 3197 1271 3258 lo.

158 3288 212 3349 rr.
233 3289 427 3364 Gronoviuo,
448 3277 500 3372 qui
521 3297 621 3349 tumen
642 3288 679 3349 ud
700 3287 771 3350 Seu.
793 3287 814 3356 l.
834 3288 855 3350 l.
878 3309 915 3351 ex
934 3289 1022 3352 MSS.
1043 3288 1157 3352 Britnu.
1178 3311 1272 3372 repo·

158 3382 296 3447 neudum
316 3384 455 3448 eeneehut
467 3383 574 3444 lucebit
594 3390 625 3443 et
644 3381 784 3456 diducet,
808 3382 961 3466 verbaque
981 3390 1085 3467 potitae
1106 3384 1165 3446 hoo
1183 3405 1273 3448 neuen

157 3479 312 3562 cupiebat:
335 3480 397 3542 Fue
417 3477 568 3540 Lucilium
589 3476 696 3539 vixisse
720 3497 796 3541 nevo
809 3477 940 3539 Neronis
960 3487 991 3541 et
1010 3499 1067 3561 pro
1087 3479 1190 3542 Mucio
1210 3501 1272 3562 po-
1330 3539 1335 3551 ,

158 3573 253 3637 enisue
267 3573 476 3657 Tigellinum,
496 3571 572 3633 nihil
592 3571 704 3634 certine
717 3573 783 3634 lore
795 3572 948 3655 spondeo,
970 3595 1062 3656 quum
1076 3583 1110 3635 ut
1128 3573 1228 3636 lnoeet
1240 3575 1274 3635 in

159 3667 214 3729 illu
234 3668 322 3730 tuedo
341 3667 484 3731 molestae
503 3666 623 3728 tunione
643 3666 825 3728 eldefonsus
856 3667 889 3728 in
909 3667 1013 3728 media
1045 3689 1140 3744 orepa
1159 3668 1274 3730 sulcum

160 3765 258 3826 lutum
278 3763 423 3840 diducat,
452 3761 584 3825 medium
604 3780 728 3824 erenum
747 3761 832 3824 sulco
852 3762 964 3844 uperiut
994 3783 1031 3825 oe
1050 3761 1176 3826 dividae
1211 3763 1275 3824 Le-

160 3859 278 3923 ctiones
310 3859 377 3922 illue
405 3859 505 3925 minus
535 3859 637 3920 fortun
671 3849 896 3938 probabuntur,
942 3865 1035 3940 quum
1066 3859 1274 3942 interpretatio

161 3954 326 4016 verborum
338 3955 453 4017 sulcum
472 3951 604 4026 diducit3
625 3960 655 4014 et
669 3952 749 4012 hune
765 3950 899 4028 adsciri,
917 3953 986 4036 quio
1000 3974 1068 4016 cum
1087 3953 1160 4016 ririe
1175 3953 1278 4036 magni

161 4049 296 4110 nominis
321 4069 424 4112 errore
444 4047 543 4123 mulo,
565 4035 657 4129 quom
687 4068 756 4108 oum
778 4046 865 4108 llein.
897 4057 927 4109 et
946 4047 1049 4110 Heiur.
1083 4048 1204 4123 mirari,
1227 4069 1279 4110 eos

162 4143 289 4207 haerere
309 4152 340 4206 et
359 4163 461 4206 errare
482 4142 612 4227 potuisse
625 4143 656 4202 in
676 4141 745 4204 loeo
764 4141 837 4204 eutis
855 4143 1015 4225 perspicuo
1032 4151 1064 4205 et
1082 4141 1134 4209 rix
1154 4164 1214 4204 uno
1227 4141 1278 4205 vel

162 4237 257 4300 nitere
277 4237 377 4302 fallnoi
396 4239 566 4322 eoripturue
580 4236 695 4299 muoulu
715 4235 883 4320 impedito,
904 4247 934 4299 et
948 4237 1038 4300 etium
1052 4259 1136 4301 nuno
1148 4237 1279 4323 aliquem
1402 4269 1404 4274 ·

164 4333 298 4409 nescire,
319 4333 413 4416 quolie
444 4353 500 4414 per
518 4341 564 4394 tot
582 4331 674 4393 lustru
693 4339 807 4415 proetet
837 4331 953 4395 notatio
973 4333 1101 4395 Gesneri
1129 4333 1168 4396 uel
1185 4333 1279 4395 'verbe

163 4427 243 4490 Plin.
263 4429 333 4491 Pon.
362 4427 503 4505 Xlllllll,
523 4427 551 4488 3.
568 4439 663 4491 'omo
684 4441 833 4510 spectator
869 4431 994 4495 miserae
1020 4429 1182 4511 voluptates
1201 4449 1278 4492 nucu
