3120 5494
276 491 285 504 .
325 393 419 520 394

832 433 964 494 Fausti

320 625 464 702 Palleat
481 627 608 702 infelix
622 679 640 718 ,-
651 627 758 732 quod
778 633 948 733 proxima
965 633 1105 706 neseiat
1122 634 1249 706 uxor?

372 745 490 846 Saepe
509 742 660 835 oculos,
679 748 851 838 memini,
872 747 1071 849 tangebam
1089 773 1231 850 parvus
1246 744 1350 825 oliva
1361 800 1373 838 ,

321 859 490 933 Grandia
506 863 536 936 si
556 861 699 936 nollem
717 866 890 938 morituri
909 863 1023 938 rerba
1044 863 1193 939 Catonis

323 1062 411 1129 sidet,
434 1081 463 1116 se
480 1063 581 1117 avitiis
599 1063 763 1135 praecipitem
778 1063 854 1128 duci,

322 1167 408 1218 neque
417 1147 448 1201 iis
461 1149 544 1202 resisti
554 1168 626 1218 poste
638 1150 748 1219 amplius
760 1169 855 1220 cogno-

321 1232 383 1298 scit,
398 1231 464 1284 banc
477 1231 651 1286 miserrimam
668 1233 854 1296 costditionem,

322 1317 349 1367 in
363 1335 414 1384 qua
426 1327 557 1381 versatur,
571 1335 652 1386 quum
670 1317 773 1372 studeat
786 1317 857 1371 dissi·

323 1399 439 1468 mulare,
452 1403 564 1471 peiorem
580 1422 610 1454 eo
625 1394 679 1474 ipso
692 1405 759 1457 facit.

357 1491 398 1537 43.
417 1488 482 1536 intres
506 1485 618 1539 Palleat.
642 1488 738 1557 pallere
765 1485 797 1538 de
825 1497 859 1539 eo'

323 1567 432 1631 dicitur,
446 1567 490 1638 qui
503 1571 570 1620 curis
584 1579 609 1621 et
625 1569 764 1640 angoribus
777 1571 855 1621 conli-

322 1655 399 1704 citur.
413 1657 477 1704 iutns
487 1653 589 1720 palleat.
603 1651 620 1704 i.
631 1673 652 1703 e.
665 1651 773 1705 internis
783 1651 855 1704 dolo·

322 1735 394 1787 ribus
419 1735 591 1788 conscientiae
613 1736 768 1806 exagitetur,
792 1736 856 1804 dum

323 1818 445 1870 miseram
459 1817 514 1872 eius
526 1817 702 1871 conditionem
719 1818 763 1871 alii
780 1820 854 1887 igno-

323 1909 389 1954 rent
425 1901 492 1970 qnod
522 1905 638 1971 proxima
668 1905 759 1953 nesciat
788 1920 857 1952 nacor.

323 1983 389 2037 illud
403 1986 470 2054 quod
487 1983 596 2054 intelligi
614 1995 695 2054 potest
716 1987 765 2049 ita,
783 1993 812 2036 ul
825 1983 858 2038 sit

323 2086 384 2136 pro:
397 2069 429 2118 ob
442 2069 471 2118 id
482 2069 590 2137 palleat,
608 2069 675 2138 qaod
688 2078 736 2120 cet.
766 2069 853 2137 Ango-

323 2149 395 2202 ribus
409 2165 565 2217 maceratur,
577 2171 641 2221 quos
658 2170 691 2203 ne
706 2169 765 2203 cum
780 2152 856 2205 lami·

323 2229 465 2284 liarissimis
474 2233 578 2301 quidem
589 2233 652 2298 suis,
664 2252 697 2285 ne
708 2251 767 2284 cum
778 2251 857 2284 uxore

324 2315 430 2384 quidem
439 2317 629 2368 communicare
638 2335 713 2368 ausus
723 2327 768 2368 est.
781 2317 814 2367 Et
823 2315 860 2369 sie

328 2418 432 2468 quoque
454 2400 645 2464 subinnuitur,
667 2419 719 2470 qno
743 2419 803 2452 usus
820 2405 859 2454 est

324 2483 436 2547 Noster,
447 2483 636 2551 quodammodo
649 2494 731 2554 potest
744 2482 856 2546 delendi,

325 2565 426 2619 etiamsi
445 2565 505 2617 huie
523 2567 615 2619 rationi
641 2566 860 2619 adcontmorlatius

324 2660 405 2712 esset,
423 2649 605 2720 allegaremus
630 2651 697 2721 qood
717 2669 779 2702 oxor
801 2651 868 2722 pro-¹

325 2733 394 2782 xima
407 2737 489 2782 arescit.
507 2731 592 2783 Potest
601 2751 701 2802 quoque
714 2733 780 2802 qarocl
791 2713 860 2784 sumi

230 2825 232 2833 ⁴
324 2831 370 2882 pro
396 2818 523 2884 qaanwis,
550 2815 710 2883 (Burmann.
734 2815 767 2866 ad
796 2817 860 2867 Pro·

324 2907 390 2967 pert.
406 2899 449 2961 ttt,
463 2908 484 2948 t.
499 2901 553 2965 49.)
568 2911 598 2950 ut
614 2915 702 2954 seusus
715 2900 764 2950 ait:
779 2901 859 2952 inter-

324 2983 364 3032 uis
381 2986 507 3033 crucietur
523 2981 671 3045 doloribus,
688 2983 805 3051 quamvis
825 3003 859 3036 ne

324 3085 388 3117 uxor
404 3067 525 3136 quidem,
542 3087 621 3138 prope
636 3067 744 3133 cubans,
760 3065 786 3120 id
803 3087 859 3121 seo-

324 3151 383 3202 tiat.
400 3151 469 3202 Bene
483 3153 605 3220 expressit
622 3154 791 3205 eonscientiae
804 3163 859 3204 tor-

325 3247 416 3290 menta
432 3239 485 3291 Cic.
500 3257 547 3308 pro
560 3239 630 3294 Sext.
643 3243 716 3293 Rosa.
734 3239 861 3293 Amerino

323 3325 365 3376 24.
382 3323 448 3374 etin
465 3322 579 3376 oratione
593 3327 622 3377 in
636 3322 721 3377 Pison.
741 3329 783 3377 20.

360 3409 470 3457 44-51.
496 3407 549 3455 lam
576 3405 668 3458 Noster
697 3407 732 3458 sic
757 3406 858 3478 pergit:

323 3489 415 3542 Pueris
442 3488 549 3561 quidem
573 3490 706 3545 literarum
728 3493 859 3546 t'astidiom

305 3575 511 3646 ·ignoscendum
525 3587 579 3642 est;
598 3577 675 3630 babet
691 3581 761 3631 enirn
779 3596 857 3649 quae·

326 3675 378 3726 que
393 3666 460 3709 aetas
471 3675 514 3708 sua
528 3657 625 3722 studia,
639 3678 783 3729 puerosque
795 3677 859 3728 pue·

325 3742 384 3795 rilia
414 3752 522 3796 tractare
549 3763 608 3820 meo
636 3745 716 3814 ipsius
742 3743 860 3814 exemplo

323 3833 413 3882 doctus
429 3829 489 3882 scio.
508 3837 549 3881 44.
567 3831 699 3902 corrigebant
718 3833 792 3882 olivo.
818 3829 859 3883 Ad

325 3933 389 3982 «prae
406 3914 492 3968 Schol.
510 3918 597 3967 naerito
610 3915 672 3966 milri
684 3915 859 3982 lippraaliacm

323 3999 479 4052 woemcdam.
508 4001 616 4052 Sensus:
644 3999 701 4051 oleo
724 4001 858 4068 tangebam
880 4061 885 4072 Ι

326 4083 428 4150 oculos,
447 4095 476 4138 ut
489 4085 600 4138 biderer
624 4083 703 4136 oculis
729 4081 859 4148 laborare,

324 4170 429 4240 meique
440 4179 562 4240 parentes
576 4189 618 4222 me
628 4188 643 4220 a
654 4167 758 4231 studiis,
776 4187 790 4220 a
803 4169 860 4240 qui·

321 4250 372 4316 bus
389 4263 450 4305 tuae
466 4251 615 4322 aversabar,
629 4255 780 4306 retinerent.

359 4341 398 4388 45.
432 4335 548 4388 Grandia
577 4342 598 4388 si
626 4339 718 4390 nollem
748 4340 860 4390 awriturs'

327 4419 400 4472 verba
418 4415 517 4473 Catonis
531 4421 629 4474 Dieerr.
661 4423 721 4474 Erat
735 4423 857 4474 exercita·

1409 901 1450 948 45

907 1067 985 1119 tionis
1000 1085 1081 1137 genus
1108 1066 1174 1138 apud
1192 1065 1392 1138 grammaticos,
1417 1073 1451 1116 ut

905 1147 1044 1216 discipulos
1069 1147 1188 1199 iuberent
1213 1167 1270 1198 eam
1298 1147 1451 1208 rationem,

907 1247 986 1298 quam
1001 1241 1109 1301 magnas
1126 1230 1218 1301 aliquis
1236 1233 1288 1296 vir,
1302 1232 1403 1284 virtute
1421 1243 1453 1282 et

905 1311 1178 1382 meritisconspicuns,
1191 1313 1308 1381 quumin
1321 1329 1353 1363 eo
1366 1319 1450 1370 esset,

906 1403 935 1446 ut
965 1397 1075 1447 civitatis
1106 1393 1299 1464 tempestatibus
1323 1405 1367 1446 aut
1395 1393 1450 1448 alia

906 1480 1017 1549 quadam
1038 1479 1182 1532 calamitate
1204 1479 1376 1543 obrueretur,
1395 1481 1446 1531 ba·

906 1563 1014 1630 buissel,
1026 1563 1192 1615 meditatione
1206 1573 1231 1614 et
1241 1560 1301 1615 stilo
1315 1565 1449 1634 persequi.

906 1649 978 1716 Quae
989 1649 1094 1716 quidem
1107 1647 1256 1700 exercitatio
1270 1646 1385 1699 multum
1402 1667 1447 1699 va-

906 1727 959 1782 lere
974 1731 1085 1784 debebat
1096 1749 1156 1784 cum
1170 1729 1202 1783 ad
1215 1729 1339 1783 iudicium
1355 1749 1449 1784 acuen-

907 1815 987 1880 dum,
1014 1813 1222 1885 quandoquidem
1245 1832 1349 1882 semper
1366 1811 1447 1883 dispi-

908 1899 1028 1952 ciendum
1043 1910 1114 1964 erat,
1139 1918 1203 1968 quse
1221 1900 1354 1968 personis,
1372 1907 1443 1951 tern-

907 1983 963 2052 posi
986 1993 1011 2035 et
1038 1981 1095 2034 loeo
1117 1983 1307 2046 convenirent,
1332 1993 1390 2034 tum
1414 1983 1447 2034 ad

908 2069 1052 2120 orationem
1067 2070 1147 2136 ipsam
1159 2063 1380 2136 locupletandam,
1393 2085 1449 2118 eer-

908 2163 1012 2220 tamque
1031 2149 1144 2224 aliquam
1160 2151 1312 2222 dignitatem
1326 2150 1449 2221 gravita-

908 2246 1011 2304 temque
1026 2235 1049 2287 ei
1064 2233 1265 2299 conciliandam,
1279 2252 1363 2304 quum
1378 2235 1447 2288 viro-

908 2335 983 2383 rum,
1005 2317 1130 2390 dignitate
1152 2327 1177 2369 et
1200 2317 1326 2388 gravitate
1357 2317 1444 2369 excel·

909 2399 1037 2466 lentium,
1054 2403 1143 2467 verba,
1163 2423 1229 2474 quae
1249 2404 1332 2454 lacere
1352 2401 1447 2454 saltem

908 2489 1068 2558 potuissent,
1088 2489 1232 2540 imitatione
1256 2497 1340 2540 esseut
1360 2489 1447 2556 expri-

909 2569 1015 2626 menda.
1030 2573 1088 2637 Quo
1102 2571 1207 2623 nomine
1219 2571 1295 2624 etiam
1308 2589 1349 2624 res
1362 2582 1446 2622 vetre-

908 2663 1010 2705 mentcr
1034 2653 1154 2722 probatur
1187 2651 1348 2720 Quintiliano
1379 2655 1450 2721 (tlt,

910 2741 935 2789 8.
954 2743 981 2788 et
998 2735 1055 2788 aliis
1070 2734 1158 2804 locis).
1177 2734 1292 2788 Adeessit
1309 2739 1398 2798 etiam,
1420 2747 1449 2788 ut

908 2819 936 2874 in
960 2819 1087 2873 sentiendi
1114 2831 1140 2871 et
1155 2819 1283 2888 cogitandi
1304 2832 1445 2872 consuetu-

910 2903 999 2956 dinem
1037 2903 1132 2955 ltotum
1170 2903 1450 2973 praestantissimorum

909 2987 1025 3040 virorum
1039 2987 1146 3040 iuvenes
1158 2987 1357 3040 adducerentur.
1374 2991 1450 3055 Quae

910 3071 1015 3142 quidem
1028 3090 1069 3123 res
1083 3091 1130 3141 per
1144 3091 1169 3122 se
1183 3073 1256 3124 omni
1271 3069 1346 3122 laude
1357 3069 1450 3142 digna,

910 3173 988 3226 quum
1007 3153 1111 3226 ingenia
1133 3165 1234 3207 matura
1250 3165 1276 3206 et
1289 3153 1377 3224 aliquo
1394 3155 1450 3207 iarn

911 3228 1048 3295 literarum
1077 3259 1126 3292 usu
1156 3241 1259 3292 subacta
1287 3239 1447 3308 requireret,

909 3335 1071 3396 praepostere
1088 3323 1116 3377 in
1134 3324 1220 3394 pueris
1239 3345 1319 3396 paene
1341 3327 1450 3378 infanti·

909 3407 957 3462 bus
970 3407 1097 3475 adbibita,
1110 3407 1166 3477 plus
1178 3408 1211 3461 ad
1224 3407 1447 3478 eonmmpendam

910 3511 986 3546 verae
999 3491 1159 3560 eloquentiae
1173 3503 1304 3556 naturam,
1321 3511 1399 3562 quam
1415 3493 1448 3544 ad

910 3595 967 3635 eam
989 3574 1197 3646 amplificandam
1215 3585 1242 3628 et
1262 3577 1451 3645 perficiendam

910 3661 1010 3716 adtulit.
1028 3665 1158 3714 sensuum
1176 3661 1245 3713 onim
1264 3671 1289 3714 et
1304 3663 1445 3714 sententia·

909 3763 969 3797 rum
984 3761 1061 3813 quam
1081 3744 1199 3796 noudum
1221 3743 1287 3812 capit
1306 3741 1351 3796 illa
1365 3755 1450 3810 aetas,

909 3829 1066 3881 sublimitate
1084 3837 1110 3879 et
1129 3827 1254 3898 gravitate
1269 3825 1406 3898 neglecta,
1419 3829 1449 3880 in

910 3915 997 3968 verbis
1012 3915 1108 3984 grande
1126 3911 1224 3980 aliquid
1239 3913 1392 3966 sonantibus
1404 3911 1450 3966 eli·

910 4000 1012 4074 gendis,
1030 3999 1191 4055 iniunctum
1209 4015 1302 4050 eorum
1329 3997 1406 4050 molli
1420 4009 1447 4050 et

909 4083 1184 4155 comprehensionibus
1203 4081 1332 4154 perplexis
1349 4091 1375 4134 et
1389 4084 1449 4135 arti·

909 4169 1017 4235 ticiosis,
1044 4165 1175 4238 pueriliter
1192 4165 1361 4220 desudabant.
1390 4169 1448 4232 Qua

911 4271 943 4304 es
962 4271 1005 4317 re,
1024 4251 1200 4320 tamquamfex
1224 4251 1311 4314 fonte,
1324 4267 1447 4320 magnam

911 4337 1015 4390 Latinae
1036 4335 1138 4408 linguae
1156 4335 1333 4406 conruptelam
1345 4335 1444 4404 proflu-

912 4419 989 4485 xisse,
1004 4419 1178 4489 unusquisque
1191 4417 1328 4492 intelligat,
1344 4435 1447 4470 necesse
