3078 5494
499 446 645 504 sarias
683 445 774 506 xiv.
1112 417 1206 532 243

93 647 216 738 Quem
236 644 329 716 mire
349 640 513 715 afficiunt
531 645 714 752 inscripta
730 641 935 746 ergastula,
954 671 1084 721 carcer

92 761 299 835 Rusticus?
326 761 528 864 Exspectas
544 813 554 850 ,
570 752 614 834 nt
631 763 773 835 nonsit
790 757 960 836 adultera
985 765 1127 866 Largae
1179 801 1211 850 25

90 872 209 966 Filia,
226 899 324 976 quae
341 899 548 976 numquam
569 887 759 948 maternos
776 873 904 950 dicere
923 879 1097 953 moechos

92 989 189 1061 Tam
209 993 284 1064 cito
303 1015 373 1064 nee
392 1005 500 1063 tantu
518 992 659 1091 poterit
678 1005 880 1066 contexere
898 1015 1034 1083 cumn,

90 1107 147 1178 Vt
167 1131 246 1179 non
266 1103 467 1182 terdecies
487 1093 685 1210 respirat?
699 1107 855 1181 Conscia
873 1110 998 1180 matris

90 1220 214 1322 Virgo
232 1217 328 1294 fuit:
346 1246 451 1295 ceras
470 1211 579 1294 nuuc'
595 1208 666 1294 hae
685 1219 853 1296 dictante
868 1219 1024 1324 pusillas

88 1333 230 1436 Implet
246 1353 283 1410 et
301 1333 350 1409 ad
368 1336 542 1412 moechos
563 1335 628 1410 dat
644 1333 782 1410 eisdem
800 1335 903 1410 ferre
920 1335 1096 1412 cinaedis.
1180 1373 1211 1422 30

89 1449 155 1522 Sic
174 1464 309 1524 natura
329 1450 456 1524 iubet:
476 1447 643 1526 velocius
659 1439 697 1524 et
712 1453 821 1525 eitius
840 1475 909 1524 nos

89 1562 352 1666 Corrumpunt
371 1567 546 1638 vitiorum
563 1563 733 1667 exempla
752 1564 976 1656 domestica,
995 1568 1137 1667 magnis
1227 1625 1229 1628 .

90 1681 222 1769 Quum
241 1680 405 1754 subeunt
425 1682 567 1756 animos
586 1680 815 1758 auctoribus.
843 1685 949 1756 Vnus
969 1698 1006 1754 et
1023 1680 1120 1754 alter

89 1793 268 1868 Forsitan
286 1795 378 1870 haec
396 1812 577 1899 spernant
595 1795 768 1884 invenes,
789 1795 925 1896 quibus
952 1813 1037 1870 arte
1049 1795 1211 1898 benigna

89 1911 138 1982 Et
164 1909 318 1985 meliore
337 1911 421 1986 luto
438 1909 548 1984 finxit
567 1910 789 2014 praecordia
810 1914 944 1986 Titan:
1177 1949 1209 1995 35

6 2135 10 2140 Ι
91 2024 171 2130 Sed
188 2023 356 2130 reliquos
373 2026 553 2130 fugienda
572 2043 723 2131 patrum
742 2032 896 2130 vestigia
916 2027 1085 2120 ducunt,

92 2143 140 2214 Et
163 2159 366 2218 monstrata
385 2144 451 2218 diu
468 2145 603 2224 veteris
621 2145 737 2218 trahit
754 2145 877 2220 orbita
896 2146 1040 2246 eulpae.

143 2257 341 2336 Abstineas
358 2263 473 2364 igitur
491 2260 733 2337 damnandis:
754 2264 863 2337 huius
883 2263 982 2336 enim
1001 2259 1059 2333 vel

93 2376 180 2446 Vna
197 2391 331 2477 potens
350 2377 444 2450 ratio
461 2391 537 2464 est,
556 2401 607 2449 ne
625 2379 781 2450 crimina
800 2391 927 2450 nostra
953 2389 1160 2476 sequantur

92 2491 149 2563 Ex
173 2491 282 2566 nobis
297 2493 434 2592 geniti3
452 2493 631 2594 quoniam
650 2491 789 2568 dociles
807 2489 994 2566 imitandis
1177 2523 1210 2570 40

92 2604 291 2708 Turpilius
308 2630 351 2678 ac
369 2609 494 2708 pravis
514 2631 642 2681 omnes
661 2633 805 2695 sumus;
824 2623 862 2679 et
880 2603 1073 2680 Catilinam

78 2723 345 2820 ,Quocumque
365 2723 404 2794 in
423 2720 732 2825 populandam,
753 2747 994 2823 quocumque
1013 2719 1083 2794 sub
1103 2745 1190 2792 axe:

92 2833 171 2910 Sed
189 2859 260 2908 nec
277 2837 415 2910 Brutus
433 2840 526 2928 erit,
543 2840 650 2912 Bruti
670 2863 740 2911 nec
761 2835 968 2914 avunculus
986 2859 1159 2934 usquam.

124 3041 170 3089 24.
179 3035 316 3106 Insertum
331 3055 412 3090 emen
423 3038 545 3102 Graecis,
559 3057 586 3091 v.
602 3057 623 3091 c.
712 3045 849 3092 senam
866 3039 938 3090 docet
949 3040 990 3088 ²4.

91 3121 209 3174 Lucinae
229 3121 360 3190 (Cataplus
379 3125 451 3174 all.
464 3131 490 3174 et
502 3125 571 3189 ld),
583 3121 623 3175 di·
713 3121 862 3172 tentum
880 3124 919 3170 to.
934 3124 973 3170 ts.
986 3123 1025 3169 tt.
1037 3121 1078 3168 46.
1093 3121 1133 3166 47.
1146 3121 1211 3166 49-

92 3203 161 3255 eitur
180 3206 353 3278 κατάγραφος,
376 3205 627 3275 στιγματίας,πιλι-
679 3205 721 3253 ll.
743 3205 852 3255 24-27.
881 3203 989 3254 45-50.
1009 3203 1116 3251 54-69.
1144 3205 1210 3250 7⁴-

91 3287 150 3350 tat<
165 3289 211 3342 eei
223 3290 325 3350 κυάνεος
340 3288 391 3341 ἀπὸ
404 3295 453 3341 τῶν
466 3291 624 3360 στιγμάτων,
680 3289 721 3337 74.
736 3295 762 3336 et
785 3301 875 3336 omnes
896 3283 951 3335 lere
974 3281 1049 3335 codd.
1076 3279 1157 3344 Paris.
1179 3307 1211 3319 -

91 3374 177 3427 πολλὰ
188 3374 333 3440 ἐμπολήσας
347 3369 411 3445 lxm
424 3374 570 3444 καὶσημεῖα
578 3379 626 3427 τῶν
678 3367 800 3420 actoriden
813 3373 853 3419 46.
868 3365 1007 3420 sonoritas
1017 3371 1042 3417 7.

92 3455 276 3526 ὄγκαυμάτων.
713 3455 751 3503 34.
762 3463 875 3521 epennrnt
889 3456 928 3502 ⁴5.
941 3460 1057 3518 spernent
1073 3455 1110 3500 ⁴5.

125 3544 173 3591 25.
188 3551 314 3608 exspectes
330 3542 369 3590 45.
384 3541 425 3591 25.
441 3543 547 3591 stt-50.
563 3545 627 3592 54-
714 3541 756 3587 38.
777 3535 906 3586 Abstineas
928 3539 968 3584 ⁴2.
987 3532 1118 3585 Abstineas
1136 3533 1213 3601 igitur

94 3628 135 3677 60.
156 3629 198 3676 64.
216 3629 300 3678 65.-
318 3623 406 3692 Lagare
427 3627 455 3674 tt
484 3641 500 3674 a
520 3641 556 3674 nr.
578 3641 629 3678 sec.
679 3619 778 3670 denarie
802 3615 977 3685 (sceleribus,
999 3632 1064 3682 quae
1084 3613 1129 3666 tibi
1151 3612 1213 3664 libe-

6 3709 9 3718 “
94 3710 136 3760 22.
156 3708 231 3776 large
253 3705 334 3760 inrita
354 3705 475 3760 Minerva
494 3689 567 3773 cuns
580 3705 625 3758 Fi·
681 3703 765 3769 risque
783 3700 831 3752 tuis
852 3699 929 3752 exitio
947 3697 1209 3765 sunt);lnr'uueue-

93 3787 219 3842 &atinus
230 3799 256 3842 et
266 3789 384 3842 Sabinus.
680 3791 732 3838 nim
747 3782 810 3852 (rei)
823 3784 865 3834 vel
877 3781 907 3835 V
907 3802 939 3833 na
955 3795 1042 3850 potens
1058 3791 1105 3831 cet.
1117 3783 1155 3829 40.
1171 3788 1212 3829 tt.

125 3873 277 3926 aenum
291 3877 333 3925 24.
653 3855 656 3868 '
682 3873 721 3918 u.
738 3873 776 3919 n.
793 3871 830 3916 n.
846 3871 885 3918 n.
904 3869 942 3916 20.
954 3871 980 3915 2¹
1005 3881 1069 3914 am.
1083 3879 1131 3912 uc.
1147 3865 1213 3912 22-

129 3965 174 4011 27.
194 3975 244 4009 mn
262 3962 303 4008 Ἡ.
321 3985 353 3996 -
370 3955 451 4024 pontit
477 3959 518 4006 24.
539 3958 630 4024 poterit
681 3953 839 4005 2245-50.
862 3953 969 4002 54-69.
995 3953 1104 4001 71-74.
1129 3953 1168 3998 77.
1186 3953 1213 3995 el

95 4052 170 4092 ῑωιιο
188 4045 230 4093 21.
469 4061 486 4088 ·,
682 4051 774 4088 omnes
792 4031 866 4084 codd.
886 4031 964 4083 Paris.
978 4029 1045 4082 unde
1059 4027 1121 4080 haee
1136 4025 1210 4079 resti·

131 4130 175 4178 ³0.
189 4123 304 4178 moechos
317 4143 363 4195 pro
375 4124 501 4176 merlam
514 4120 632 4175 revocavi
684 4119 733 4173 tuit
744 4117 807 4170 Aah.

97 4226 127 4259 ex
148 4213 240 4260 tunt„
257 4213 297 4260 tl.
316 4213 355 4259 ⁴⁵.
372 4214 411 4260 ⁴6.
430 4215 467 4260 ⁴7.
488 4209 577 4258 ⁴920.
592 4207 632 4257 25.
719 4209 804 4256 39.est
818 4217 869 4253 non
884 4210 962 4253 exstat
980 4199 1007 4253 iu
1023 4207 1061 4252 lt.
1083 4202 1123 4251 ⁴9.
1139 4199 1214 4249 22.-

99 4297 140 4345 27.
156 4297 266 4345 45-50.
281 4295 389 4344 54-60.
401 4295 442 4342 64.
458 4289 544 4342 mullis
557 4287 632 4339 MSS.
684 4303 728 4337 nec
742 4287 783 4334 ²2.
798 4287 838 4334 ²³.
849 4285 888 4333 24.
907 4285 948 4333 65.

8 4393 9 4396 ’
98 4377 169 4428 Paria
187 4386 212 4427 et
229 4377 351 4430 Prisciani
368 4375 512 4430 lib.Vll.el
530 4374 632 4429 xut-
717 4371 951 4434 sternuisse.

8 4469 9 4472 ’
101 4464 255 4515 eusrlcmtti.
720 4458 883 4521 43.umqncrm
902 4453 943 4502 tt.
