3028 5492
299 337 467 458 lxxviii
624 377 767 444 runnx
801 377 994 444 conterar
1031 377 1121 448 mss.

299 581 428 648 subinde
448 581 583 649 enotavit
604 583 764 662 Pithoeus,
783 583 837 649 sed
853 583 968 649 nullam
989 585 1053 648 eius
1073 584 1212 648 notitiam
1228 580 1323 648 dedit.
1343 581 1435 647 Alio·

302 702 373 743 rum
402 704 524 766 quoque
551 682 692 744 codicum
713 703 946 766 nonnumquam
966 685 1155 745 mentionem
1176 683 1269 745 feeit:
1291 681 1359 766 {qui
1381 693 1436 743 ta·

303 796 374 839 arcu
396 786 501 841 utrum
520 777 627 861 scripti
640 777 772 855 fuerint,
793 801 832 839 an
854 778 950 854 editi,
972 778 1076 844 dicere
1098 799 1159 842 noa
1176 777 1285 841 habeo.

303 949 390 1000 xvut
418 949 550 996 CODICES
580 949 668 997 NVNC
694 951 825 997 PRIMVM
846 953 886 994 ET
906 952 1046 999 TANTVM
1065 952 1131 997 nott
1153 950 1263 1000 OMNES
1284 951 1309 998 A
1329 945 1437 996 nous

792 1047 939 1094 conates.

350 1188 395 1228 ro.
416 1167 672 1246 Schwarziaous,
692 1189 777 1230 nunc
798 1167 992 1243 Anartium,

304 1264 360 1350 qui
379 1263 452 1327 olim
474 1264 572 1325 fuerat
594 1265 669 1325 Chr.
693 1264 786 1327 Gottl.
814 1265 1012 1340 Sctrwareio,
1046 1263 1249 1328 celeberrimo
1276 1264 1439 1348 quondam

305 1363 357 1436 (ab
378 1383 408 1422 o.
433 1379 520 1441 1709.
543 1359 583 1420 ad
608 1361 707 1444 1751).
730 1361 814 1422 Prof.
836 1359 1013 1437 interfluo,
1032 1371 1061 1422 et
1082 1384 1166 1424 nunc
1187 1361 1308 1424 Altorfii
1328 1363 1361 1422 in
1382 1361 1440 1422 bi-

306 1457 458 1522 bliotlseea
481 1456 652 1519 academica
673 1469 821 1520 servatur.
845 1460 1026 1521 Lectionum
1059 1459 1125 1520 eius
1154 1457 1323 1541 specimina
1348 1456 1440 1519 dedit

306 1553 378 1618 vtr.
397 1553 468 1618 Sob.
489 1553 618 1614 Beckius
642 1553 673 1614 in
706 1553 790 1616 Obss.
818 1554 928 1636 philol.
958 1557 991 1614 in
1020 1555 1151 1634 Satyrus
1179 1553 1334 1616 Iuvenalis
1351 1552 1438 1614 duas

219 1657 221 1664 '
302 1653 422 1736 priores
457 1648 600 1725 (altorfii
636 1650 722 1729 1732.
750 1652 814 1724 4.),
836 1649 887 1710 ubi
910 1670 978 1734 pag.
1000 1650 1031 1712 3.
1056 1660 1179 1725 mouet,
1209 1650 1349 1712 codicem
1369 1671 1440 1712 esse

307 1756 431 1831 quartae
463 1746 581 1808 formae
607 1745 883 1808 'membranaceum
917 1747 998 1808 haud
1031 1746 1127 1808 malae
1151 1755 1261 1822 notae,
1289 1747 1439 1830 quicum

307 1843 604 1908 Schurzsseiselriano
619 1840 750 1904 mirifice
770 1843 942 1905 consentiat
964 1855 997 1906 et
1010 1846 1059 1906 cui
1075 1843 1191 1908 scholio
1205 1843 1355 1928 quaedem
1370 1855 1439 1906 tum
1492 1893 1495 1900 ,

308 1940 462 2018 incolae,
482 1951 546 2002 tum
566 1940 695 2023 sparsim
716 1941 748 2000 in
764 1941 902 2021 margine
923 1939 1042 2004 Satirae
1063 1943 1087 2002 Ι.
1105 1940 1186 2003 allita
1200 1941 1269 2002 sint.
1281 1941 1438 2002 Eumdem

310 2039 425 2120 optime
460 2038 610 2120 scriptum
642 2047 672 2099 et
703 2045 918 2099 conservatum
940 2059 1021 2112 esse,
1051 2037 1143 2101 docet
1163 2047 1272 2098 auctor
1301 2035 1374 2097 Vol.
1396 2037 1438 2099 ΙΙ.

309 2132 456 2198 Bibliotlt.
476 2131 629 2196 Sclrwarz.
662 2131 771 2192 Altorf.
810 2135 897 2217 1789.
929 2143 960 2193 et
992 2131 1030 2194 ad
1058 2131 1219 2194 Saeculum
1241 2132 1318 2194 Xlll
1339 2133 1441 2196 refert

310 2253 380 2295 eam
395 2233 539 2294 Mannert
552 2230 584 2290 in
605 2228 828 2303 miscellaneis,
846 2229 1033 2311 diplomatici
1047 2231 1234 2314 potissimum
1248 2230 1439 2310 argumenti,

311 2327 456 2388 German.
481 2325 603 2406 scriptis
628 2323 777 2407 editisque
797 2323 1055 2408 Norimb.'1795.
1085 2325 1218 2387 Satiram
1237 2325 1300 2386 Vll
1321 2345 1359 2386 ex
1379 2323 1438 2385 illo

312 2421 495 2486 venerabilis
529 2419 699 2482 academiae
728 2419 842 2482 'Altorfi
871 2419 981 2482 Senior
1010 2420 1087 2484 Will
1114 2422 1145 2482 in
1167 2441 1255 2482 usum
1277 2420 1440 2503 praelectt.

312 2541 436 2582 suoram
451 2517 531 2602 typis
545 2515 776 2600 exprimendam
790 2517 908 2580 curarit
922 2539 948 2578 a.
965 2521 1053 2598 1760.
1073 2519 1185 2580 Totum
1208 2537 1280 2580 vero
1294 2517 1439 2580 codicem

310 2637 371 2678 nna
401 2634 472 2678 cum
503 2613 638 2698 quinque
665 2612 751 2674 editt.
777 2621 850 2673 ontt.
882 2612 982 2687 (Ven.
1012 2617 1100 2693 ¹49¹·
1126 2615 1213 2676 1512.
1234 2612 1317 2686 Bri:-
1346 2613 1441 2680 1501.

312 2713 397 2794 Lips.
432 2711 519 2785 1504.
552 2719 583 2770 et
611 2711 737 2790 Argent.
770 2709 870 2792 1527.)
902 2709 1095 2792 aprincipio
1115 2709 1153 2770 ad
1173 2708 1267 2770 finem
1292 2708 1442 2788 exemplo

314 2809 455 2869 editionis
482 2805 662 2887 Bipontinoe
693 2804 882 2887 compararit
904 2803 951 2865 (ΣΙ.
972 2805 1145 2886 Notlmagel
1166 2803 1444 2886 Norimbergensis

315 2905 351 2966 A.
371 2903 409 2964 L.
427 2903 487 2975 nt..
515 2901 600 2984 isque
627 2921 750 2961 omnem
782 2921 846 2962 rar.
877 2900 1044 2961 lectionum
1075 2921 1236 2962 recensum
1258 2900 1331 2960 mihi
1355 2898 1443 2961 altro

316 2998 447 3072 obtulit;
478 3018 555 3082 quae
584 3017 701 3060 summa
721 2997 784 3059 eius
807 2996 978 3060 humanitas
998 3017 1165 3082 noratquam
1185 3017 1223 3060 ex
1243 2996 1347 3059 animo
1367 3015 1445 3059 meo

317 3097 431 3160 effluet.

226 3193 229 3202 ’
361 3215 406 3255 11.
429 3190 737 3274 Sclurafleisclsinnus
758 3210 782 3251 s.
806 3191 1004 3250 Vinariensis.

317 3290 390 3354 vid,
403 3309 480 3373 quae
494 3289 574 3350 infra
596 3287 628 3348 in
648 3287 711 3348 fine
733 3283 845 3348 indicis
866 3285 960 3348 Editt.
976 3285 1082 3348 leven.
1103 3283 1249 3348 dicemus.

363 3409 409 3448 12.
428 3385 640 3465 Erlaugensp's.

318 3483 479 3548 Lectiones
500 3481 587 3543 huius
608 3480 722 3543 codicis
742 3480 949 3563 excerpendas
970 3479 1184 3562 benignissime
1208 3476 1325 3540 curavit
1344 3479 1448 3540 Har·-

318 3581 416 3642 lerins.
437 3579 485 3640 De
506 3586 631 3639 externa
652 3577 716 3638 eius
738 3579 835 3638 forma
856 3597 919 3636 non
940 3576 1055 3637 certior
1076 3576 1173 3635 factus
1194 3593 1269 3634 sum.
1295 3571 1391 3648 Quod
1421 3574 1449 3636 si

319 3687 421 3737 tamen
450 3672 551 3734 omnis
575 3673 656 3733 illius
687 3672 815 3733 varietas
841 3671 1004 3756 diligenter
1032 3677 1133 3733 notato
1155 3677 1215 3744 ert,
1252 3665 1378 3732 videtur
1402 3689 1450 3732 ex

318 3771 402 3833 hono
416 3767 554 3852 exemplo
573 3767 771 3852 transcriptus
792 3787 867 3830 esse.

365 3865 409 3927 13.
435 3865 596 3926 Vlutensis.

320 3963 473 4043 integram
497 3960 586 4022 huius
611 3958 742 4036 codicis,
775 3959 866 4042 plane
890 3956 1073 4041 singularis,
1104 3957 1313 4020 recensionem
1343 3956 1449 4021 debeo

321 4056 502 4117 humanitati
527 4057 755 4135 Vcesenmeyeri
770 4045 852 4116 l'rof.
873 4055 958 4116 Vlm.
971 4055 1024 4140 qui
1037 4054 1095 4115 iarn
1110 4054 1276 4138 specimina
1291 4053 1449 4135 quaedam

253 4142 255 4150 ¹
321 4149 489 4212 lectionum
511 4151 576 4213 eius
597 4173 659 4212 var.
671 4149 806 4211 ediderat
833 4171 858 4210 a.
891 4151 967 4229 1793
998 4151 1030 4211 in
1059 4153 1256 4212 Commentat.
1278 4149 1446 4211 historico-

321 4247 428 4307 crits'eo
449 4247 489 4308 de
504 4248 618 4309 Codice
638 4247 710 4308 MS.
726 4247 878 4308 Iuvenalis
898 4247 1017 4309 Satires
1039 4249 1274 4331 corrupticolarum,
1294 4257 1325 4309 et
1345 4247 1446 4309 indo-

320 4339 380 4401 lem
395 4339 473 4402 illius
494 4342 541 4403 his
554 4341 655 4404 verbis
674 4341 895 4425 descripserat:
932 4369 947 4398 o
959 4341 1157 4419 adservatur,
1177 4365 1270 4426 quem
1285 4343 1444 4417 diximus,

322 4432 428 4508 Codex
447 4435 481 4502 ia
506 4435 725 4522 bibliotheca,¹
744 4457 822 4529 qaae
848 4438 887 4503 ab
912 4438 1025 4508 illustri
1055 4439 1324 4507 Schermariorum
1348 4448 1465 4532 gente«
