3028 5492
327 397 494 490 lxxxiv
631 425 996 495 ruosscoarcvn
1031 427 1119 487 uss

326 641 394 689 sunt
413 648 434 685 a
453 626 492 685 cl.
514 626 585 685 Nic.
605 624 687 684 Lod.
707 622 893 696 Achaious,
922 625 974 706 qut
1002 621 1134 688 indolem
1155 619 1258 700 eorum
1279 622 1326 684 lu'r
1346 620 1444 682 vertis

325 722 470 782 indicavit
483 741 491 776 :

572 886 593 924 1.
615 884 634 926 n
656 874 821 928 caracoeo
841 881 991 926 rmrnnsso
1010 881 1099 928 cono.
1121 881 1189 925 mss.

372 1040 396 1076 r.
420 1013 533 1078 Codex
547 1014 697 1074 Puteanus
717 1012 872 1095 (catalogi
886 1034 934 1073 no.
951 1032 1038 1096 7900.
1054 1015 1114 1085 Α.)

325 1111 428 1171 Codex
449 1109 715 1184 merubruaaceus,
736 1111 852 1169 formae
872 1129 961 1190 quam
981 1128 1124 1168 vocamus
1141 1111 1174 1167 in
1188 1107 1292 1190 fislio,
1315 1113 1450 1166 exeunte

325 1226 409 1266 nouo
429 1204 567 1277 saeculo,
588 1213 622 1264 ut
641 1203 728 1264 uobis
750 1203 846 1265 visum
867 1211 933 1274 est,
954 1211 1109 1274 exoratus,
1123 1211 1264 1262 constans
1282 1200 1337 1261 155
1353 1199 1449 1260 foliis.

324 1302 450 1362 Praeter
472 1297 620 1376 luvenalis
641 1299 762 1386 satiras,
784 1298 814 1378 ia
829 1297 965 1380 quinque
979 1297 1073 1358 libros
1094 1297 1287 1378 dispertitus,
1307 1295 1450 1356 continet

325 1397 461 1457 Terentii
483 1394 672 1466 comoedias,
693 1393 812 1455 Horatii
828 1393 924 1476 lyrica
940 1393 1073 1454 earmina
1100 1403 1130 1454 et
1158 1391 1316 1474 epistolas,
1336 1392 1448 1452 Luca-

324 1511 400 1550 num
415 1499 445 1551 et
465 1491 651 1550 lllartiannrn
667 1486 832 1570 Capellam.
844 1508 915 1548 cum
935 1487 1077 1561 scholiis,
1098 1497 1130 1570 et
1150 1485 1275 1566 quidem
1295 1483 1449 1565 copiosis-

325 1583 428 1660 simis,
462 1584 514 1645 sed
542 1603 652 1666 parum
673 1583 808 1645 utilibus.
829 1582 924 1644 Huius
946 1581 1060 1643 codicis
1086 1582 1236 1662 scriptura
1265 1603 1334 1646 non,
1360 1589 1447 1642 recta

259 1712 263 1721 .
326 1668 468 1762 quidem,
490 1701 548 1740 nee
569 1679 718 1760 pulchra,
737 1677 790 1739 sed
809 1675 882 1738 levis
903 1686 933 1739 et
952 1676 1035 1739 lectu
1054 1675 1214 1750 faentina,
1232 1676 1289 1746 =etsi
1309 1676 1444 1756 quibus-

325 1775 396 1834 dam
417 1775 447 1832 in
468 1773 543 1834 loeis
565 1772 782 1846 minutissima,
814 1770 924 1854 pallido
945 1783 1040 1854 atque
1055 1780 1202 1832 vetustate
1225 1790 1317 1853 prope
1336 1767 1445 1830 deleta.

328 1869 416 1928 luter
437 1877 554 1930 ceteros
587 1865 801 1928 memorandus
830 1866 910 1928 idem
940 1875 986 1928 est
1016 1875 1144 1948 propter
1174 1865 1445 1951 antiquitatemet

325 1971 454 2046 propter
474 1963 646 2024 varietatem
666 1961 849 2036 lectionum,
882 1981 1011 2041 querum
1038 1960 1236 2026 ¹notabiliores
1266 1959 1393 2040 aliquot,
1410 1957 1445 2017 iu

326 2058 491 2140 praesentis
511 2056 652 2118 editionis
673 2055 829 2118 curriculo
850 2058 1034 2120 nutavimoss
1057 2078 1118 2116 uon
1134 2066 1233 2116 tamen
1254 2053 1374 2114 mendis
1388 2073 1446 2113 ex·

241 2203 245 2212 .
325 2173 414 2232 pers,
435 2151 487 2211 sed
502 2173 518 2210 a
540 2172 632 2210 manu
645 2150 809 2212 recentiori
823 2145 997 2212 emendatus
1011 2159 1062 2211 est.
1084 2153 1121 2210 st
1135 2147 1271 2230 quisquis
1284 2147 1335 2207 ille
1349 2147 1447 2207 fuerit

325 2248 555 2328 intempestivus
574 2247 755 2328 castigator,
779 2245 893 2310 ¹melius
924 2255 1007 2306 certe
1037 2245 1148 2306 codicis
1168 2243 1337 2306 auctoritati
1364 2264 1446 2304 eou-

325 2341 484 2416 suluisset,
504 2341 620 2402 sicum
641 2341 792 2420 integrum
814 2337 993 2420 reliquisset.
1019 2341 1055 2400 ln
1077 2339 1254 2422 quibusdam
1279 2338 1349 2398 libri
1369 2335 1447 2398 loeis

326 2436 526 2516 reperiuntur
557 2435 687 2496 maiores
708 2435 814 2496 literae
834 2444 864 2494 et
886 2433 1000 2516 figurae
1028 2433 1142 2496 calamo
1173 2433 1359 2507 delineatae,
1391 2431 1447 2492 sed

326 2528 419 2598 rudes
439 2549 474 2590 ao
495 2529 645 2595 deformes
666 2538 696 2591 et
710 2529 955 2608 planesaeculo,
978 2549 1040 2609 quo
1055 2527 1104 2588 ille
1124 2527 1253 2606 scriptus
1272 2526 1348 2598 fuit,
1364 2545 1447 2584 eou-

326 2623 491 2684 venientes.
512 2625 556 2684 Eo
577 2633 676 2686 autem
701 2616 806 2684 codiee
826 2623 992 2704 plurimum
1018 2623 1063 2682 nsi
1089 2619 1363 2702 fuimus„quippe
1390 2622 1448 2701 qui

250 2777 255 2782 .
327 2741 365 2780 ex
379 2719 485 2780 eodem
507 2729 595 2802 atque
616 2729 700 2779 vetus
715 2718 809 2779 schol.
829 2717 948 2779 Pitboei
978 2715 1142 2798 exemplari
1173 2716 1300 2791 ductus,
1331 2735 1448 2797 perve-

327 2821 424 2872 tustus
452 2811 543 2884 item,
573 2811 661 2872 nobis
691 2813 722 2872 in
754 2811 824 2882 hoo¹
843 2809 975 2874 editione
1005 2808 1189 2872 recensenda
1223 2809 1348 2872 maximi
1379 2829 1446 2896 esse

327 2905 474 2964 momenti
487 2904 567 2966 visus
580 2913 634 2969 est.
667 2909 669 2914 '
919 2921 922 2928 ·
994 2921 997 2930 ’
1393 2909 1397 2914 ’

298 2987 301 2994 ⁴
331 3061 335 3066 ,
368 3021 398 3058 2.
413 3001 606 3058 Mazurineus
621 2997 644 3056 1.
668 2998 866 3073 (no.3110.)
954 3067 957 3076 ¹

328 3092 405 3168 cod.
427 3093 555 3154 membr.
576 3094 608 3152 in
630 3091 682 3152 fol.
697 3094 727 3154 X
747 3093 866 3154 saeculo
886 3104 1032 3168 exaratus,
1049 3103 1186 3156 constans
1201 3091 1445 3169 8410110000-

328 3187 405 3247 tinet
425 3209 500 3270 0000
521 3187 559 3249 de
579 3189 736 3270 Regimine
767 3189 963 3271 Principum,
990 3191 1100 3272 primos
1119 3191 1253 3272 quinque
1275 3190 1367 3252 Persii
1390 3212 1446 3254 sa-

327 3280 420 3353 tiras,
441 3281 626 3341 Priscianum
647 3282 686 3342 de
706 3282 907 3344 Grammatico
922 3293 952 3343 et
969 3281 1024 3343 alia
1045 3285 1189 3364 opuscula
1203 3283 1336 3364 poetico,
1350 3282 1447 3342 deni-

329 3396 390 3458 que
406 3376 489 3458 ,xlv
503 3368 607 3448 sutiins
620 3377 784 3452 luvenalis,
811 3379 975 3462 ournnotis
996 3373 1193 3450 interlineas
1217 3375 1348 3461 s‘eriptis.
1368 3379 1448 3438 Ele-

288 3529 289 3533 ,
329 3481 436 3552 genter
456 3472 580 3554 quidem
601 3473 730 3554 scriptus
749 3483 794 3533 est
815 3473 864 3534 ille
885 3473 996 3547 codem
1018 3473 1070 3536 sed
1086 3475 1197 3558 ubique
1210 3471 1328 3536 mendis
1339 3483 1447 3550 scatet,

329 3585 387 3626 neo
407 3565 501 3627 ullam
520 3567 585 3627 fere
605 3567 833 3628 memorandam
854 3569 1015 3632 lectionem
1043 3570 1176 3652 praebet.

372 3662 400 3721 3.
422 3662 605 3724 colbertinus
619 3663 642 3722 1.
664 3671 676 3735 (
690 3684 740 3723 00.
753 3667 864 3740 7906.)

330 3755 407 3815 cod.
430 3756 557 3849 membr.
579 3758 610 3818 in
632 3755 685 3824 fol.
704 3755 732 3818 X
752 3779 828 3819 saec.
849 3767 1001 3834 exaratus,
1029 3769 1059 3819 et
1078 3759 1202 3840 quidem¹
1229 3780 1254 3836 0Ι
1268 3781 1358 3818 mono
1387 3759 1445 3820 ‹li-

330 3852 425 3909 vetsn.
447 3849 588 3934 Optimae
609 3860 709 3910 tamen
729 3860 774 3910 est
794 3859 904 3927 notae,
933 3851 985 3912 etsi
1018 3853 1149 3912 mutilus.
1184 3851 1219 3911 In
1241 3871 1277 3910 eo
1299 3850 1446 3931 leguntur

330 3939 479 4030 luvenalis
498 3941 587 4002 satira
607 3941 651 4002 lv
672 3964 688 4022 0
709 3966 734 4006 v·
761 3963 803 4002 ro.
824 3943 929 4002 satirae
957 3943 994 4003 V.
1017 3943 1071 4003 Vl.
1092 3943 1159 4003 Vll.
1182 3953 1212 4004 et
1232 3953 1353 4004 octavae
1373 3955 1446 4002 tan-

328 4041 395 4091 tum
415 4043 454 4109 04
475 4035 564 4115 primi
586 4057 697 4100 versus.
720 4035 767 4104 ,10
798 4035 903 4095 eodem
925 4037 1078 4100 volumine
1098 4050 1215 4102 exstant
1239 4039 1355 4120 integer
1375 4043 1445 4103 Ta-

330 4127 465 4204 rentius,
490 4127 543 4188 sed
562 4128 631 4189 XllI
651 4129 775 4204 soeculi,
809 4131 956 4193 Aeneidos
986 4133 1036 4194 lib.
1064 4135 1120 4196 IV.
1147 4144 1177 4194 et
1205 4136 1244 4194 V.
1275 4155 1351 4196 saec.
1382 4133 1440 4194 lx.

331 4221 452 4281 Daretis
473 4222 598 4305 Phrygii
612 4225 708 4286 eiusd.
722 4245 796 4284 suec.
813 4225 952 4301 historia,
973 4231 1114 4310 Gregorii
1137 4231 1324 4292 Turonensis
1347 4229 1443 4289 Gesta

330 4315 387 4372 Dci
409 4336 463 4394 por
483 4317 614 4379 Francos
635 4317 730 4383 eiusd.
751 4340 828 4380 saco.
849 4330 879 4380 et
897 4341 1021 4383 carmen
1036 4325 1227 4410 religiosum,
1250 4328 1300 4389 oui
1320 4326 1444 4387 titulus:

331 4409 502 4490 Dimututio
523 4413 633 4475 attracti
651 4428 680 4490 et
697 4415 849 4496 religionis
869 4415 950 4497 xltss.
970 4439 1046 4481 saec.
1130 4495 1133 4502 Ι
1213 4495 1215 4502 ¹
