3120 5494
335 385 428 502 344

819 413 953 475 PEllSll
981 433 987 448 ·

329 750 355 785 a
366 689 409 788 Ο
420 739 529 792 curas
543 714 753 789 bominum!
778 741 801 790 o
815 734 999 820 quantum
1016 717 1121 788 estin
1134 713 1246 791 rebus
1259 715 1391 790 inane!

329 830 407 911 Quis
429 829 509 912 leget
531 827 641 890 bacci»
665 828 744 890 Min'.
761 838 793 890 tu
814 829 893 892 istud
914 831 983 893 sisi
1005 829 1125 892 «Nemo
1143 827 1302 890 hercule.»
1327 830 1451 892 Nemo?
1542 825 1543 832 '

330 961 355 995 c<
365 925 437 1000 Vel
461 925 560 1012 due,
581 923 639 1001 vel
661 951 783 1000 nemo.
806 943 919 1030 turpe
937 943 975 1000 et
996 923 1254 1000 miserabile.»
1273 928 1431 1020 Quare?

329 1045 385 1126 Ne
405 1042 495 1114 mihi
513 1037 736 1144 Polydamas
757 1059 794 1116 et
812 1042 993 1117 Troiades
1015 1041 1228 1117 Labeonem

328 1155 613 1232 Praetulerim?
631 1183 764 1260 nugae.
817 1184 916 1250 non,
936 1160 966 1234 si
985 1156 1081 1261 quid
1100 1155 1253 1234 turbida
1274 1160 1393 1234 Roma
1435 1198 1450 1246 ⁵

329 1271 477 1364 Eleret,
496 1271 674 1364 adredus,
693 1299 893 1352 examenve
912 1273 1120 1378 inprobum
1135 1277 1176 1348 in
1194 1273 1262 1350 illa

363 1477 397 1528 V.
415 1480 440 1528 t.
452 1476 530 1529 Poe'ta
544 1474 620 1546 fingit
633 1494 661 1530 se
674 1475 811 1544 aquodam
825 1476 866 1528 in·

330 1557 511 1632 terpellatum‚
526 1560 592 1614 dum
606 1561 634 1612 in
648 1560 736 1614 satiris
748 1561 863 1614 scriben-

330 1645 371 1698 dis
396 1657 533 1716 occupatus
558 1655 604 1700 est.
637 1645 717 1701 Curare
741 1645 767 1700 b.
784 1645 803 1701 l.
820 1667 866 1718 pro

330 1729 407 1782 rebus
434 1731 574 1794 omnibus,
606 1749 674 1802 quae
701 1747 777 1785 curas
805 1731 865 1784 inii-

331 1813 419 1879 ciunt,
436 1814 604 1884 animumque
629 1824 762 1885 occupant.
784 1831 865 1886 quan-

327 1916 370 1950 um
384 1911 419 1950 cst
436 1899 463 1950 in
485 1895 558 1949 rebus
581 1900 671 1962 inane,
702 1898 721 1950 i.
745 1916 768 1950 e.
787 1917 865 1968 quam

329 1979 420 2033 inanes
432 1991 491 2034 sunt
505 1979 657 2051 plerumque
671 1979 733 2048 res‘²
752 1999 866 2052 quarum

331 2080 404 2116 causa
441 2061 560 2116 homines
595 2073 729 2134 tantopere
756 2082 784 2120 ae
811 2075 865 2117 tor-

331 2143 456 2218 queant?
486 2147 603 2220 Graece:
635 2145 694 2201 ὅσον
724 2145 754 2198 τὸ
783 2146 864 2202 κενὸν.

330 2231 431 2284 Omnes
446 2225 511 2284 'sere
530 2231 681 2301 interpretes
704 2233 767 2286 baec
787 2231 866 2286 verba

331 2311 412 2368 Persii
426 2332 496 2378 esse,
518 2313 623 2366 satiram
645 2313 685 2366 bis
703 2313 864 2384 incipientis,

331 2396 468 2467 disputant.
491 2397 656 2450 Cas·aubonus
674 2387 779 2466 qu'idem
793 2397 820 2451 in
834 2418 866 2452 eo

332 2479 418 2532 nescio
433 2471 498 2551 quid
515 2479 616 2532 artificii
637 2480 729 2550 poitici
749 2481 866 2552 quaerit,

331 2582 383 2633 quo
393 2574 479 2617 totum
487 2565 600 2618 satiricae
612 2569 716 2634 poiseus
728 2583 865 2637 argumen-

330 2656 389 2698 tum
415 2645 568 2701 exhaustum
594 2647 635 2700 sit.
673 2645 734 2702 blec
760 2649 864 2718 quidem

330 2748 407 2782 sensu
420 2729 484 2783 haec
496 2731 574 2784 verba
583 2729 673 2785 melius
686 2731 796 2796 bantini,
805 2736 864 2786 Per·

330 2810 397 2862 sium
411 2811 500 2864 satiras
506 2811 866 2884 meditanteminterpellanti‚

330 2894 490 2948 tribuuntur.

365 2982 391 3032 2.
407 2979 477 3032 Mt'u'
492 2992 519 3030 tre
538 2977 603 3033 istaul
622 2985 679 3033 ais?
701 2981 799 3054 dialogi
819 3001 863 3037 tte·

331 3069 403 3115 turae
417 3072 525 3131 aptum3
547 3064 583 3117 sic
601 3081 704 3135 equoque
715 3067 863 3121 Nostrates:

330 3149 418 3200 metiret
431 3149 466 3200 du
478 3147 563 3201 micis?
590 3147 696 3202 Talibus
712 3151 863 3218 quaestiun-

330 3227 414 3293 culis,
437 3249 511 3300 saepe
541 3236 754 3300 supervacaneis,
784 3238 862 3290 etiam

222 3367 225 3373 ,
330 3313 415 3364 Latini
435 3315 461 3366 in
475 3313 625 3384 quotidiano
648 3335 766 3370 sermone
786 3331 863 3371 utun-

329 3408 379 3448 tur.
396 3395 481 3452 Nema
497 3400 609 3466 berarde,
638 3401 716 3456 verba
736 3403 862 3474 interpel-

330 3476 414 3545 lantis,
426 3481 525 3551 sibique
539 3483 605 3553 ipsi,
618 3503 699 3554 quum
714 3486 741 3538 in
757 3505 860 3555 respon·

329 3563 417 3616 dendo
430 3565 547 3620 dubitare
560 3569 662 3621 Persius
674 3570 806 3634 videatur,
821 3590 860 3623 re·

328 3644 486 3714 spondentis.
533 3646 637 3702 Nemo?
659 3651 737 3719 Quasi
752 3652 862 3706 miratur

329 3727 490 3799 Persius‘prc
503 3741 572 3784 certo
588 3733 783 3788 adfirmantem:
797 3735 858 3788 nul·

328 3809 368 3864 los
380 3813 491 3866 omnino
512 3813 618 3870 lectores
636 3819 726 3872 satiras
742 3837 796 3872 esre
816 3823 857 3874 in·

327 3906 459 3951 uenturas.
474 3899 530 3952 Hoc
542 3899 618 3954 sentit
631 3900 708 3967 alter,
725 3903 861 3973 statimque

326 3979 430 4034 subiicit
443 3982 514 4052 quasi
525 3984 556 4036 ad
575 3983 747 4040 molliendum
762 4005 849 4040 umen.

366 4071 391 4119 3.
406 4067 459 4122 Vel
470 4070 520 4121 duo
531 4071 574 4122 vel
585 4089 666 4128 nemo.
680 4072 698 4123 i.
714 4089 737 4123 e.
758 4074 861 4141 paucis-

330 4146 399 4202 simi.
422 4163 493 4222 turpe
508 4165 532 4204 et
544 4154 692 4208 miserabile.
714 4155 783 4208 Haec
795 4173 858 4222 qaro-

328 4248 378 4296 que
394 4233 471 4286 verba
484 4235 632 4301 monitoris,
644 4235 692 4290 boc
702 4235 789 4291 labore
799 4239 860 4290 Per·

327 4314 396 4365 sium
411 4316 507 4370 utillum
522 4320 632 4390 gratiam
648 4332 797 4392 capturum,
815 4343 857 4377 re·

328 4399 448 4468 putantis.
481 4401 564 4474 Turpe
589 4403 667 4472 dixit,
689 4404 749 4475 quia
773 4405 860 4486 obiicit

916 1487 985 1531 certe
1005 1477 1330 1552 existimationlsctiptoris
1349 1479 1450 1552 negligi

918 1557 951 1610 ab
974 1559 1114 1624 omuibus;
1140 1561 1278 1613 miserabile
1297 1571 1391 1631 spectat
1413 1563 1448 1615 ad

916 1641 1091 1695 conditionem
1101 1643 1212 1696 auctoris
1226 1663 1256 1696 ec
1269 1644 1344 1697 modo
1358 1644 1447 1716 negle-

917 1722 960 1776 cti.
973 1724 1071 1776 Verum
1085 1722 1133 1777 boc
1146 1738 1214 1794 turpe
1231 1735 1257 1778 et
1274 1726 1410 1778 miserabile
1423 1725 1448 1778 ei

917 1813 1019 1859 tantum
1042 1807 1126 1861 videri
1148 1819 1246 1878 potest,
1265 1811 1309 1879 qul
1329 1809 1446 1864 multitu·

917 1890 986 1944 dinis
999 1891 1102 1962 plausus
1119 1905 1218 1964 captat,
1236 1913 1289 1948 non
1309 1895 1373 1948 item
1386 1897 1448 1950 Per·

916 1974 968 2044 aio;
986 1975 1093 2046 proinde
1107 1977 1263 2050 interrogat,
1282 1979 1356 2048 quasi
1370 1979 1453 2032 ratio·

916 2078 994 2126 nem,
1006 2079 1052 2113 cur
1065 2058 1093 2113 id
1108 2073 1182 2132 turpe
1198 2073 1224 2118 et
1244 2061 1393 2118 miserabile
1406 2063 1456 2130 sit,

916 2142 1056 2215 ignorans:
1072 2143 1177 2215 (benet

951 2235 976 2280 4.
986 2229 1010 2280 5.
1023 2228 1118 2280 Verear
1128 2227 1240 2294 scilicet,
1255 2247 1289 2282 ne
1312 2229 1397 2300 iniqui
1417 2231 1456 2281 in-

916 2307 986 2362 dices
997 2309 1086 2382 inique
1094 2309 1126 2362 dc
1138 2309 1203 2365 meis
1215 2312 1316 2382 scriptis
1324 2309 1454 2368 iudicent?

915 2393 971 2445 Hoc
983 2405 1072 2446 verear
1087 2392 1286 2467 intelligendum
1303 2406 1350 2449 est.
1364 2396 1450 2469 Poly·

916 2474 1004 2528 &mas
1016 2476 1218 2547 sapientissimus
1232 2479 1367 2548 quondam
1384 2479 1454 2532 inter

916 2556 1043 2612 Troianos
1055 2569 1080 2613 et
1093 2560 1263 2625 fortissimus,
1277 2561 1349 2614 cuius
1362 2580 1453 2614 censu·

916 2661 972 2696 ram
986 2647 1082 2697 Hector
1104 2645 1248 2698 verebatur.
1277 2649 1327 2698 Res
1345 2646 1371 2697 iu
1391 2664 1451 2715 pro·

916 2727 1036 2784 verbium
1063 2728 1153 2805 abiisse
1180 2728 1298 2796 videtur,
1319 2749 1370 2798 quo
1385 2731 1451 2784 bene

915 2811 1010 2866 Noster
1033 2809 1060 2863 h.
1082 2810 1100 2865 l.
1120 2810 1216 2878 utitur,
1238 2811 1451 2882 quandoquidem

916 2892 964 2945 sub
989 2891 1138 2964 Polydamas
1161 2909 1206 2962 per
1226 2893 1337 2946 ironiam
1359 2913 1451 2948 sensor

914 2977 1019 3047 iniquus
1040 2977 1213 3049 quicumque,
1238 2980 1293 3032 sive
1317 2979 1450 3032 Neronem

914 3062 1043 3137 intelligas
1072 3065 1127 3118 eive
1152 3063 1250 3134 alium,
1279 3064 1449 3137 intelligitur,

914 3150 986 3202 cuius
999 3148 1122 3202 iudicium
1135 3149 1276 3205 multitudo
1289 3161 1389 3204 temere
1405 3172 1446 3206 se·

914 3243 1022 3304 quatur,
1052 3244 1078 3288 et
1098 3235 1222 3288 Troiades
1249 3239 1376 3306 praeclare
1396 3241 1449 3290 uo-

914 3317 985 3370 manl
996 3316 1103 3370 inbelles
1119 3317 1255 3382 dicuntur,
1271 3319 1448 3374 Troianorum

914 3400 1014 3471 urigine
1026 3411 1159 3473 tantopere
1175 3402 1357 3472 superbientes.
1392 3406 1448 3456 Ae-

913 3490 964 3537 cius
982 3485 1062 3538 Labeo
1086 3484 1228 3540 secundum
1250 3485 1335 3540 Scbol.
1359 3487 1448 3557 inepta

912 3568 999 3624 Iliadis
1011 3581 1038 3622 et
1050 3570 1179 3643 Odysseae
1191 3571 1309 3626 versione
1321 3571 1447 3638 famosus,

912 3652 940 3705 in
951 3653 1034 3723 pretio
1047 3663 1135 3706 tamen
1154 3654 1187 3707 ab
1210 3653 1358 3724 aequalibus
1371 3655 1446 3708 eiua-

911 3735 973 3790 dem
997 3737 1095 3790 farinae
1116 3736 1227 3790 habitus.
1248 3735 1360 3808 Nugae.-
1393 3739 1446 3792 Pro

911 3819 987 3890 nugis
1005 3819 1087 3874 habeo
1106 3819 1246 3884 iudicium,
1267 3819 1336 3890 quod
1355 3819 1388 3874 de
1402 3841 1446 3874 me

910 3902 996 3956 serant
1008 3902 1125 3955 nomast.
1137 3903 1234 3954 rubida
1243 3901 1323 3956 Roma
1335 3921 1383 3972 pro
1395 3907 1444 3956 tto·

910 3982 995 4036 manis
1005 3982 1082 4036 variis
1092 3982 1184 4037 studiis
1197 3983 1223 4034 in
1235 3983 1336 4038 diversa
1347 3985 1444 4046 tractis,

909 4067 990 4120 variis
1002 4067 1146 4120 adfectibus
1161 4067 1283 4132 turbatis,
1304 4078 1334 4122 ut
1350 4087 1443 4122 verum

909 4152 1003 4206 sentire
1016 4171 1069 4204 nou
1081 4151 1187 4223 possint.

944 4243 969 4290 6.
983 4235 1125 4300 7.Elevet,
1145 4235 1218 4306 parvi
1238 4234 1342 4307 pendat.
1364 4237 1440 4289 Era·

910 4339 966 4374 uren
987 4331 1026 4374 est
1044 4317 1140 4394 lingula
1158 4321 1280 4375 trutinae.
1308 4321 1439 4374 Similitu-
1541 4349 1542 4352 =

911 4404 1014 4472 dinem,
1028 4421 1080 4473 qua
1097 4403 1193 4458 Noster
1210 4401 1237 4457 b.
1255 4402 1277 4458 l.
1298 4421 1359 4456 uuas
1386 4413 1440 4466 cst,
