3120 5494
461 767 550 864 [Α.
576 771 730 861 PERSH
755 774 928 866 FLACCI

481 1101 487 1112 ·
578 1041 851 1156 SATIRAE

587 1483 839 1559 PROLOGVS

589 1708 837 1764 ARGVMENTVM

188 1875 287 1928 Forsan
308 1876 361 1928 iam
380 1873 464 1929 Persii
475 1886 556 1928 aetate
566 1894 635 1930 more
646 1887 700 1930 erat
715 1889 854 1947 reseptsuu,
865 1879 985 1948 peereiiaei
996 1879 1080 1950 aliquio
1096 1885 1205 1932 narmim
1221 1901 1264 1932 re·

152 1959 229 2029 liquis
242 1959 390 2010 carminibus
402 1957 564 2026 praeludere,
577 1959 685 2028 iihedque
698 1960 797 2011 diverso
808 1963 880 2010 metri
897 1977 987 2028 genere
999 1963 1132 2015 euurttiare.
1151 1962 1178 2014 A
1190 1965 1270 2032 poitis

155 2039 246 2092 Persio'
258 2040 427 2092 reoerttioribsu
439 2039 499 2090 haee
511 2045 578 2092 ratio
591 2041 675 2109 magis
689 2045 764 2092 etiam
770 2042 935 2112 frequentata
946 2035 998 2092 esse
1010 2042 1108 2094 videuer
1115 2065 1125 2106 ,·
1143 2048 1170 2095 ia
1180 2047 1271 2112 prioris

153 2143 211 2177 eam
220 2124 332 2175 adhibuit
349 2122 510 2176 Claudiarues.
532 2121 657 2185 Fame,
675 2127 717 2192 qui
734 2135 881 2186 mutauerat,
895 2123 958 2175 bario
972 2125 1105 2194 prologum
1116 2128 1151 2178 ad
1160 2131 1270 2196 primam

154 2211 258 2258 satiram
272 2205 405 2272 pertinere,
425 2205 452 2254 ia
469 2223 516 2274 quo
525 2205 586 2274 qaid
598 2209 672 2256 seuiti
681 2206 740 2270 suu,
752 2205 866 2272 equidem
880 2207 1023 2257 uiderenou
1031 2225 1137 2275 possim.
1156 2205 1269 2260 Cetertuu

154 2289 303 2338 sementiam
318 2285 421 2356 prologi
440 2287 536 2337 ratione
553 2285 653 2354 vulgari
670 2304 809 2356 expressam
822 2284 887 2337 itane
901 2305 952 2338 esse
962 2289 1088 2339 existimo:
1110 2287 1268 2356 Quamquam

153 2367 219 2419 talio
231 2368 263 2418 de
281 2383 321 2417 me
339 2367 486 2436 praedicare
510 2384 562 2417 noa
578 2385 691 2440 possiem
710 2365 796 2436 mealia
814 2369 896 2418 nostri
914 2368 1003 2436 poitae
1020 2367 1052 2418 de
1064 2385 1092 2418 se
1103 2369 1267 2436 praedicant,

154 2468 232 2520 raeque
249 2447 302 2500 aiio
322 2447 453 2500 Musarum
477 2451 624 2500 oommereio
640 2467 694 2499 usus
712 2465 780 2510 aem,
800 2467 848 2518 quio
872 2447 912 2500 ilii
932 2467 988 2502 usos
1000 2467 1027 2500 ae
1040 2468 1090 2501 esse
1108 2451 1267 2520 glorianuu,

154 2551 215 2602 quos
233 2541 319 2582 nostru
335 2541 404 2580 aetas
416 2541 544 2596 tantopere
555 2529 710 2597 amplexatur
720 2540 744 2580 et
757 2529 783 2578 in
794 2533 874 2598 pretio
885 2529 956 2580 tabes
967 2547 974 2578 τ
984 2539 1068 2581 tanen
1077 2549 1176 2582 carmen
1189 2549 1268 2581 mesura

154 2609 257 2661 iliorum
273 2609 350 2659 saeris
364 2609 468 2675 (divinis
480 2609 531 2659 iliis
544 2608 704 2675 carminibus)
720 2609 813 2660 addere
825 2609 913 2660 audeo.
926 2607 1012 2660 Potest
1022 2609 1166 2680 enimfieri,
1180 2627 1265 2679 quem-

154 2689 291 2741 admodum
318 2706 372 2738 usus
391 2689 474 2752 dooet,
497 2701 523 2739 ut
540 2689 629 2758 olimae
653 2691 765 2741 earmina
791 2689 900 2751 teribus,
925 2689 1000 2758 louge
1021 2690 1136 2751 aliare,
1156 2707 1232 2759 quom
1251 2709 1269 2740 a

153 2772 239 2825 Musis
259 2771 402 2832 irutitseues3
422 2789 481 2821 tram
493 2771 600 2841 firmes,
621 2781 648 2821 ut
661 2769 707 2820 lroe
725 2781 792 2836 utar,
808 2787 936 2840 quaeaues
948 2773 1015 2838 ipsas
1030 2769 1163 2822 hundeum
1180 2789 1269 2822 uocem

154 2853 250 2903 imitari
269 2849 360 2912 docet,
380 2855 456 2902 rainu
469 2862 504 2902 est
524 2853 619 2922 artifex
623 2888 633 2914 ,
648 2861 671 2902 et
687 2853 742 2904 aui
753 2867 808 2920 spes
824 2869 873 2904 uun
885 2852 938 2904 diei
947 2863 1027 2920 potest
1039 2869 1113 2922 quam
1124 2852 1268 2922 praeclaros

154 2951 238 2987 veruu
249 2932 373 2984 imerdum
386 2941 537 3001 emorqueat.

154 3383 244 3486 Nec
269 3404 375 3482 sonte
400 3402 506 3479 labra
524 3399 652 3506 prolui
678 3399 887 3492 caballino,

518 3631 710 3671 ΟΟΙΚΙΠΑΙΜ
723 3634 748 3670 ΙΙ
762 3633 901 3670 PROLOGVU.

189 3793 262 3844 Vera.
288 3797 364 3846 t-s.
390 3787 521 3860 Equidem
543 3788 690 3840 carminum
734 3788 847 3858 proluere
858 3805 885 3838 se
897 3789 968 3851 vitro,
986 3795 1029 3839 aut
1041 3788 1124 3857 prolui
1140 3791 1198 3840 vitto
1212 3805 1261 3858 pro

154 3873 334 3927 faciendorum
356 3870 503 3925 facultatem
525 3869 625 3922 solenni
644 3868 691 3922 iiio
740 3879 826 3939 potare
840 3871 949 3931 vinum,
970 3867 1064 3920 vinum
1088 3867 1182 3940 largius
1195 3869 1268 3924 ,hau·
1352 3889 1354 3892 ·

155 3977 230 4011 more
241 3969 330 4013 auctus
343 3976 396 4010 non
411 3974 480 4020 sum,
495 3974 547 4024 quo
561 3964 648 4008 nactos
661 3973 689 4006 se
739 3952 798 4033 riae.
815 3955 888 4023 Quae
901 3955 942 4006 vis
953 3952 1014 4006 huie
1032 3953 1138 4023 quidem
1156 3953 1212 4008 loco
1226 3975 1271 4024 per

154 4060 210 4095 esse
229 4059 288 4094 eam
305 4038 400 4110 reliqui
420 4041 508 4109 politae
527 4035 687 4109 gloriantur,
737 4035 1013 4090 sebeueconueuiret.
1046 4037 1111 4089 Nam
1137 4049 1166 4091 ut
1182 4043 1271 4108 poitue

155 4143 239 4194 neque
262 4124 321 4178 bibi
343 4142 373 4176 ex
395 4127 572 4192 Hippocrene,
604 4138 687 4190 neque
738 4119 852 4188 antiqui,
869 4118 1032 4188 quiquidem
1045 4117 1213 4173 modestiores
1227 4141 1268 4174 es·

154 4207 282 4263 somniavi
295 4209 323 4259 in
336 4207 457 4259 Parnaso.
739 4207 812 4262 sent,
826 4217 853 4253 se
866 4198 959 4252 bibisse
975 4207 1075 4252 tsnlum
1092 4217 1122 4252 es
1135 4199 1270 4254 Musarum

191 4300 214 4343 t.
229 4289 370 4344 Neoiabru
378 4289 467 4360 prouti.
510 4287 631 4340 Probare
644 4304 690 4356 pro
739 4283 855 4337 sontibus
872 4283 1003 4348 dixerunt,
1025 4301 1116 4336 eorum
1130 4275 1273 4340 imitatores

155 4373 331 4436 madefacere,
358 4373 442 4442 rigare
468 4387 543 4443 saepe
568 4369 687 4441 ponitur5
741 4385 794 4422 non
810 4367 1272 4440 poteranteasemodiooiliohumtu

258 4471 336 4544 Irv.
356 4467 384 4544 1.
1135 4465 1169 4539 Y
