3028 5492
173 417 174 421 a
252 309 352 411 ‘lviii
552 297 554 300 ⁵
684 350 744 413 an
778 351 942 414 sarrnrs

258 547 438 629 adstrictas,
458 548 511 618 sed
526 550 618 617 modo
637 571 675 621 ea
689 551 841 634 Zenonis,
862 552 953 622 modo
974 575 1012 622 cx
1031 555 1158 643 Epicuri
1177 551 1278 624 hortis
1291 555 1388 626 flores

258 645 425 735 decerpens
447 655 499 724 (a.
520 649 612 736 Epist.
632 649 665 731 l,
689 673 714 731 a,
744 653 782 717 ab
806 661 907 736 seq),
931 652 1079 740 privatam
1101 655 1265 738 virtatem,
1286 675 1385 746 quum

258 744 341 808 nulla
362 743 490 832 amplias
511 745 632 831 publica
652 759 744 826 esset,
768 750 871 815 colens
891 771 928 816 ac
946 751 1154 838 praecipiens,
1174 753 1281 820 fractis
1295 751 1386 818 Bruti

258 847 415 932 Cassiique
435 845 541 931 opibus
562 857 593 908 et
618 867 735 910 samma
756 863 859 911 rerum
882 847 920 912 ad
941 867 1041 912 unum
1065 859 1187 914 senatus
1217 849 1389 936 populique

259 961 409 1002 consensu
430 939 527 1002 delata
550 940 661 1003 cedens
681 943 821 1004 fortunae
841 953 871 1005 et
890 945 981 1006 citam
1005 944 1151 1023 liberam,
1172 945 1389 1026 commodam,

258 1036 349 1098 nullis
370 1033 417 1096 rel
439 1055 583 1097 curarum
598 1037 646 1097 vel
659 1039 851 1120 negotiorum
868 1038 1060 1121 publicorum
1077 1041 1218 1104 molestiis
1234 1051 1386 1120 vexatam,

260 1133 356 1194 otium
377 1131 501 1196 liberale
521 1153 721 1216 securamque
742 1133 985 1196 mediocritatem
1005 1147 1142 1212 sectans,
1166 1137 1288 1215 animo,
1306 1159 1389 1222 pau-

259 1239 377 1315 pertate
397 1239 430 1293 et
449 1229 562 1313 gloriae
582 1251 686 1292 umore
706 1229 744 1291 ad
765 1231 901 1293 caranina
925 1232 1064 1293 facienda
1085 1232 1241 1318 impulsus.

303 1328 373 1388 Post
392 1329 563 1409 Augustum
584 1325 673 1388 valde
700 1326 874 1388 mutabatur
900 1347 1005 1390 rerum
1036 1337 1148 1403 statas,
1182 1339 1214 1391 et
1243 1327 1387 1392 libidines

259 1422 410 1507 vitiaque,
432 1421 551 1505 pudore
571 1429 601 1483 et
620 1421 737 1504 legibus
763 1421 863 1483 adbuc
893 1423 1063 1500 refrenata,
1098 1434 1151 1486 aut
1182 1423 1261 1486 clam
1289 1425 1384 1508 magis

260 1541 353 1603 quam
375 1519 473 1602 palam
494 1517 649 1592 exercita,
675 1517 803 1579 vinculis
824 1521 921 1601 ruptis
954 1521 1047 1584 alfuso
1075 1523 1253 1586 ferebantur
1272 1545 1383 1601 cursu,

258 1625 289 1678 et
308 1615 357 1680 ael
377 1615 498 1698 publica
520 1615 701 1676 auctoritate
722 1613 928 1698 exemplisque
958 1617 1123 1679 Caesarum
1155 1617 1387 1686 muniebantur.

259 1711 384 1773 Pessimi
405 1712 608 1794 imperatores
627 1718 714 1771 erant
736 1711 889 1785 Tiberius,
912 1711 1005 1773 homo
1023 1712 1062 1774 nd
1083 1713 1235 1777 saevitiam
1250 1725 1280 1778 et
1293 1735 1389 1776 omne

259 1829 355 1890 genus
377 1809 543 1884 vitiorum,
562 1827 639 1891 quae
659 1805 734 1869 aivis
755 1808 891 1887 Augusto
906 1817 936 1869 et
957 1809 1142 1872 Germanico
1156 1811 1285 1874 Caesare
1299 1819 1388 1873 metu

255 1903 517 1980 dissimulaverat,
537 1911 646 1964 natura
667 1921 853 1982 propensus,
876 1903 928 1985 qai
950 1905 1081 1966 comitiis
1101 1905 1216 1989 populo
1237 1903 1387 1982 ademtis,

259 2001 365 2062 castris
386 1999 582 2082 praetorianis
602 2007 688 2059 extre
708 1995 823 2059 Vrbem
844 2001 1005 2061 exstractis
1034 2010 1066 2062 et
1098 2001 1243 2063 institutis
1265 2001 1388 2062 iudiciis

259 2097 420 2160 maiestatis
440 2094 717 2178 delationibusque,
742 2095 851 2178 quibus
871 2095 1002 2156 maxime
1022 2097 1201 2159 innocentes
1220 2097 1258 2158 ab
1278 2118 1315 2161 cc
1330 2119 1387 2158 ce·
1434 2151 1437 2156 .

258 2195 391 2278 terisque
410 2193 547 2276 tyrannis
568 2190 836 2274 opprimebamur,
856 2190 1095 2254 dominationem
1116 2193 1271 2268 firmabat;
1290 2195 1388 2254 Caius

259 2289 435 2369 Caligula,
448 2297 617 2350 monstrum
640 2286 789 2360 hominis,
810 2309 879 2348 cum
895 2287 1014 2348 ratione
1035 2288 1202 2361 insaniens3
1222 2290 1388 2364 Claudius,

258 2388 383 2471 ingenio
405 2387 557 2470 praeditus
576 2381 665 2446 tardo
690 2391 721 2443 et
740 2382 888 2444 uxoribus
908 2381 1085 2466 libertisque
1106 2383 1260 2462 addictus;
1282 2385 1389 2462 Nero,

258 2485 426 2549 sceleribus
450 2502 513 2543 non
535 2480 635 2541 minus
662 2477 804 2552 infamis,
836 2493 928 2560 quam·
955 2477 1095 2562 ineptiis;
1129 2479 1228 2540 Galba
1258 2499 1390 2550 avarus:

262 2586 339 2648 Otho
362 2578 460 2640 mollis
480 2585 511 2638 et
531 2575 694 2646 delicatus3
720 2573 860 2633 Vitellius
879 2595 1002 2649 saccus,
1033 2576 1156 2655 ignavus
1174 2584 1205 2636 et
1225 2597 1289 2638 nan
1311 2597 1392 2660 pro-

258 2678 370 2741 fundae
394 2672 510 2745 modo,
537 2671 591 2732 sed
614 2669 842 2752 intempestivae
863 2671 952 2729 ctiam
981 2691 1015 2730 ac
1036 2669 1179 2731 sordidae
1199 2670 1295 2752 gulae.
1316 2671 1392 2750 Quo

259 2777 360 2836 occiso
381 2792 430 2833 res
451 2768 573 2852 publica
595 2788 632 2827 ex
652 2774 733 2826 tanta
754 2765 838 2847 quasi
870 2763 1018 2826 fluctuum
1046 2767 1206 2830 iactatione
1236 2768 1268 2827 in
1298 2777 1393 2828 tran-

258 2869 388 2955 quillum
409 2865 532 2948 quidem
547 2860 742 2952 redigebqtur
764 2859 939 2942 frugalitate
964 2861 1152 2944 Vespasiani
1166 2871 1195 2924 et
1208 2861 1392 2924 liberalitate

260 2967 342 3041 Titi,
362 2961 474 3023 amoris
494 2967 585 3040 atque
606 2955 786 3016 deliciarum
808 2955 928 3036 generis
945 2955 1087 3031 humani;
1109 2957 1162 3018 sed
1177 2979 1248 3018 mox
1261 2957 1391 3020 avaritia

258 3073 289 3126 et
310 3058 490 3122 crudelitate
511 3053 684 3114 Domitiani
704 3052 817 3112 iterum
838 3051 1076 3132 profligabatnr,
1105 3075 1203 3136 neque
1224 3055 1307 3116 ferre
1328 3075 1393 3136 po·-

258 3167 336 3220 terat
357 3152 596 3215 munificentiam
618 3158 649 3209 et
670 3147 934 3209 mansuetudinem
954 3149 1095 3227 Nervae,
1118 3171 1195 3234 quae
1215 3150 1391 3211 contemtui

259 3251 458 3315 habebantur.
479 3249 566 3310 Nova
587 3245 613 3306 ei
636 3243 688 3305 lux
709 3241 854 3324 affulgere
875 3243 974 3324 coepit
1004 3243 1075 3306 inde
1095 3245 1134 3306 ab
1153 3269 1180 3308 a.
1200 3247 1247 3308 V,
1263 3267 1290 3308 c.
1315 3247 1387 3308 850.

259 3345 456 3432 regnantibus
480 3346 617 3404 Traiano
639 3350 669 3402 et
688 3340 867 3400 Hadriano.
888 3339 945 3400 llle
968 3339 1141 3403 libertatem
1174 3363 1208 3404 ac
1236 3340 1389 3416 salutem,

258 3443 451 3508 securitatem
472 3449 563 3520 atque
584 3436 690 3506 otium·
703 3434 850 3495 universis
872 3444 903 3495 ct
917 3433 1041 3515 singulis
1055 3435 1223 3510 reddebat,
1241 3443 1272 3496 et
1285 3436 1391 3520 impc-

259 3544 340 3607 rium
354 3549 417 3600 tam
439 3537 519 3597 bene
540 3542 570 3594 et
591 3532 758 3594 clementer
778 3531 1030 3608 administrabat,
1062 3543 1097 3593 ut
1117 3541 1235 3594 senatus
1263 3532 1389 3594 decreto

259 3650 290 3702 et
304 3637 511 3701 consentiente
531 3626 668 3691 omninin
684 3647 758 3689 voce
778 3628 919 3708 Optimus
939 3627 1161 3712 appellaretur:
1196 3629 1248 3690 hic
1268 3629 1388 3711 legibus

259 3737 413 3801 civitatem
434 3727 605 3802 condebat,
636 3723 809 3808 provincias
829 3733 859 3784 et
879 3723 1012 3791 literatos
1032 3723 1216 3796 liberalitate¹
1242 3725 1390 3786 subleva·-

258 3833 330 3907 bat,
352 3828 482 3901 iudicia,
515 3845 580 3886 rem
602 3822 763 3883 militarem
783 3819 1036 3902 disciplinamque
1056 3819 1285 3904 diligentissime
1305 3841 1389 3882 con-

258 3926 408 3990 stituebat.
429 3925 466 3986 ln
488 3920 540 3982 illo
562 3929 735 4000 temporum
758 3935 925 3998 rerumque
946 3924 1038 3988 statu,
1072 3925 1141 3976 ante
1161 3906 1387 4000 Vespasianum

258 4033 290 4087 et
309 4023 461 4094 Nervam,
482 4019 534 4081 vix
555 4015 664 4075 uanbra
687 4011 734 4075 vel
753 4011 958 4091 frugalitatis,
989 4009 1132 4095 pudoris,
1165 4011 1387 4094 magnitudinis
1488 4079 1491 4086 ,

259 4117 353 4180 animi
373 4113 561 4200 aliarumve
580 4112 728 4172 virtutum
755 4107 972 4188 pristinarum,
994 4107 1105 4188 quibus
1122 4127 1180 4169 nee
1206 4109 1309 4170 bonor
1326 4128 1390 4170 nae¹

259 4213 393 4302 pretium
407 4221 472 4274 erat
492 4209 607 4283 ullum,
629 4206 677 4268 vel
693 4212 788 4266 metus
802 4203 921 4287 legam,
944 4204 1091 4266 libertatis
1106 4213 1197 4288 atque
1218 4205 1387 4289 religionis,

258 4307 504 4394 relinquebatur,
534 4314 565 4368 et
584 4301 726 4386 vigebant
746 4299 849 4364 omnia
869 4301 1014 4366 vitiorum
1035 4320 1163 4384 genera,
1193 4321 1251 4364 nec
1282 4301 1387 4362 minus

257 4413 407 4498 prorupta
427 4401 550 4470 audacia
580 4397 770 4486 deorumque
799 4407 992 4489 contemtos,
1021 4418 1115 4484 quarn
1146 4397 1256 4468 servile
1288 4396 1389 4462 obse..¹
