3028 5492
306 390 410 482 ciiii
478 475 480 482 ,
797 425 937 484 11111111

346 618 537 678 *Iuvenalis
556 631 584 678 et
605 619 701 679 Persii
724 618 870 698 Satyrae,
897 621 960 679 iarn
981 640 1082 680 recens
1116 619 1305 700 recognitae,
1324 621 1420 680 simul

183 754 188 764 1
305 733 344 772 nc
362 713 616 774 annotatiunculis
637 711 820 788 (Curionis)
853 713 1025 774 illustratae.
1067 714 1188 775 Parisiis
1207 736 1258 794 ap.
1283 715 1417 774 Hieron.

247 849 251 864 .
305 807 348 866 cle
360 809 501 880 lllarnes,
1202 828 1298 868 tamo.
1324 809 1414 871 1561.
1469 843 1486 868 ¹.

350 899 426 960 'lara
446 895 573 962 discedit
593 901 719 963 abedit.
741 902 860 983 Gryph.
881 901 974 962 Paris.
996 901 1072 977 1545

346 996 495 1055 ltnenalis
518 1011 545 1056 et
568 999 705 1070 Persius,
727 997 823 1077 Lugd.
835 1017 886 1078 ap.
901 996 1088 1056 Frellonium
1214 997 1422 1060 tamo.1562.

348 1059 453 1169 a...
475 1089 546 1150 ..aas
567 1091 706 1172 suga...
740 1092 828 1155 1511.
863 1091 944 1173 quoa
972 1091 1096 1152 sonu.
1130 1090 1283 1174 asponon
1304 1090 1422 1153 nocent

306 1198 343 1241 ex
363 1179 480 1262 Eugelii
500 1183 643 1244 Biblioth.
664 1186 718 1245 sel.
740 1209 768 1265 p.
790 1189 836 1259 4ο.
859 1186 889 1243 iu
911 1205 975 1248 voc.
1000 1185 1147 1247 Catullus.

346 1276 366 1320 *
387 1287 433 1350 (n.
457 1281 518 1360 73.)
539 1283 692 1342 quenalis
711 1296 739 1341 et
758 1281 1026 1359 Persii·8atyrne,
1046 1279 1300 1342 annotatiunculis
1320 1278 1420 1352 (Cu-

305 1372 421 1448 rionis)
441 1377 623 1453 illustratae,
645 1376 789 1458 Lugduni
803 1397 852 1458 ap.
873 1377 1122 1437 10.Frellouium
1206 1395 1305 1435 tamo.
1329 1377 1424 1448 1564.

347 1469 394 1530 Cf.
415 1469 451 1530 ad
472 1471 725 1552 capuanense.

346 1563 602 1628 *Pulmanuiaua
623 1589 647 1630 s.
667 1565 855 1627 plantiniana
876 1565 900 1625 l.
943 1572 991 1636 (n.
1017 1564 1075 1644 75.)
1108 1563 1258 1622 quenalis
1286 1559 1421 1642 8117711-

305 1677 372 1716 rum
386 1659 475 1718 Libri
493 1661 529 1719 V.
545 1663 644 1720 Persii
658 1661 762 1721 Flacci
776 1663 956 1738 Satyrarum
972 1659 1063 1718 Liber
1084 1660 1109 1717 l.
1126 1657 1241 1718 Theoti.
1254 1659 1423 1718 Pulrnanni

305 1751 339 1811 in
357 1753 477 1814 eosdem
496 1759 717 1817 annotationes.
742 1754 924 1836 Autverpise
943 1775 986 1814 ea·
1006 1752 1062 1836 off.
1085 1754 1255 1834 Christopli.
1284 1753 1423 1812 Plautini

1243 1845 1422 1908 8111565.

344 1939 547 2017 Pulrnannus,
581 1941 781 2017 (Poelmauu)
808 1965 902 2024 qaum
930 1940 1149 2024 apannificio,
1181 1941 1262 2022 quod
1283 1939 1422 2022 primum

305 2029 468 2110 didicerat,
488 2037 523 2096 ad
539 2036 734 2119 philologiam
749 2039 940 2111 transiisset,
953 2037 983 2096 iu
1000 2036 1109 2096 multos
1130 2045 1266 2094 auctores
1280 2034 1422 2093 classicos
1496 2035 1506 2060 ¹

306 2136 392 2188 notes
411 2129 549 2212 scripsit,
569 2132 601 2190 in
623 2131 731 2214 quibus
753 2141 855 2192 tamen
875 2151 969 2212 pauca
989 2138 1103 2190 tautum
1125 2150 1162 2189 ex
1183 2127 1275 2208 ipsius
1295 2127 1423 2206 ingenio

304 2223 442 2302 prolecta
462 2235 551 2302 sant,
571 2237 601 2286 et
620 2228 720 2288 omnia
755 2225 1026 2288 tercentorum
1058 2224 1158 2295 libris,
1190 2223 1347 2302 praecipue
1380 2244 1421 2283 ex

305 2316 446 2378 Turnebi
467 2319 671 2394 Adversariis,
688 2321 786 2403 petita.
812 2321 907 2380 liuius
921 2340 1042 2404 quoque
1062 2317 1180 2400 generis
1200 2325 1268 2377 suut
1284 2330 1422 2376 annota-

304 2411 400 2471 tiones
414 2413 477 2473 eius
492 2415 523 2474 in
539 2415 731 2489 Iuvenalem,
753 2414 790 2475 ad
805 2415 917 2475 calcem
935 2414 1022 2474 huius
1035 2411 1081 2473 ed.
1098 2412 1236 2484 reiectae,
1260 2411 1291 2470 iu
1307 2411 1439 2493 quibus.

306 2506 395 2565 etism
416 2510 613 2590 reperiuntur
634 2513 742 2592 passim
764 2511 867 2571 literae
886 2511 927 2569 N.
942 2511 979 2568 P.
991 2512 1035 2568 M.
1050 2510 1075 2567 l.
1089 2529 1216 2590 quarum
1237 2507 1422 2587 compendia

306 2619 345 2660 ne
365 2600 428 2681 ipse
448 2604 569 2685 quidem
592 2605 747 2687 explicuit.
768 2601 938 2666 Probabilis
958 2611 1056 2664 autem
1077 2613 1121 2662 est
1133 2603 1304 2663 coniectura
1317 2592 1423 2661 ‘flen-

305 2693 397 2768 niuii‚
430 2697 466 2759 iis
502 2700 651 2782 designari
686 2701 776 2763 codd.
811 2723 878 2761 mss.
911 2701 1198 2783 Noviomagensem,
1232 2697 1421 2768 Pulmanni,

307 2791 495 2871 Miggrodii,
520 2796 619 2872 lunii,
649 2819 687 2859 ex
706 2817 835 2880 quorum
857 2794 918 2856 fide
942 2794 1114 2856 Iuvenalem
1145 2814 1161 2851 a
1187 2811 1218 2852 se
1245 2792 1423 2852 restitutum

245 2901 250 2910 ·
308 2903 371 2942 esec
392 2888 536 2950 iactanter
555 2892 668 2973 magis,
693 2913 783 2972 quam
809 2911 902 2963 vere,
931 2890 963 2949 iu
991 2889 1086 2971 prael.
1121 2888 1289 2970 profitetur.
1340 2886 1425 2944 Eum

309 2977 508 3062 negligentiae
527 2985 558 3044 iu
580 2985 778 3047 conferendis
791 2985 876 3046 MSS.
909 2985 969 3045 iam
990 2984 1091 3064 arguit
1112 2985 1179 3045 Nic.
1222 2981 1364 3042 Heinsius
1386 2982 1425 3040 in

308 3074 407 3135 Praei.
435 3077 472 3138 ad
496 3079 704 3141 Claudianum.
736 3081 879 3141 Ceterum
905 3079 979 3141 baec
1008 3079 1102 3140 editio
1134 3098 1204 3139 iuox
1224 3077 1353 3158 repetita
1374 3085 1427 3137 est

308 3189 336 3231 a.
359 3169 444 3234 1566.
468 3173 554 3236 1585.
580 3173 673 3256 1587.
696 3174 780 3256 1590.
811 3175 842 3232 in
865 3175 998 3255 margine
1015 3185 1116 3234 autem
1136 3173 1278 3254 leguntur
1298 3168 1426 3230 Scholia

308 3261 403 3324 Hadr.
422 3265 521 3344 lunii,
542 3270 656 3331 Medici
676 3279 765 3351 atque
785 3267 932 3350 Philologi
955 3269 1073 3346 Bataui,
1094 3277 1144 3343 (a.
1160 3269 1243 3328 1511.
1263 3265 1283 3309 *
1310 3263 1424 3342 1575.)

309 3355 340 3416 iu
363 3359 471 3439 quibus
490 3374 520 3424 et
542 3365 639 3426 variae
659 3365 819 3442 lectiones,
842 3365 894 3430 s'ed
914 3363 1030 3447 simpl,
1051 3385 1114 3424 uon
1135 3361 1295 3444 designatis
1317 3358 1422 3431 codd..

308 3454 361 3535 qui
381 3475 430 3517 eas
450 3459 614 3536 exhibent,
635 3475 846 3536 recensentur,
867 3472 897 3524 et
909 3461 975 3523 loca
994 3459 1140 3544 quaedam
1156 3460 1284 3521 obscura
1299 3455 1418 3538 paucis,

309 3555 341 3608 et
360 3569 447 3633 saepe
465 3575 644 3636 perperam,
668 3557 868 3638 explicantur.

193 3713 197 3722 ⁴
328 3625 555 3710 'Pulmauniana
569 3672 592 3712 s.
614 3651 797 3711 Plautiniaua
819 3651 858 3712 11.
882 3651 1030 3713 luvenalis
1050 3659 1108 3712 cet.
1137 3658 1171 3711 tt
1191 3649 1224 3709 iu
1248 3647 1320 3730 edit.
1344 3646 1371 3707 Ι.
1391 3668 1425 3706 1.

313 3738 397 3800 1565.
418 3745 597 3826 Autverpiae
619 3767 662 3806 esc
681 3745 734 3825 off.
754 3747 892 3806 Plautini
1064 3747 1135 3807 8vo·
1156 3752 1186 3805 ct
1210 3763 1306 3806 samo.
1332 3741 1424 3804 1566.

347 3833 406 3878 ***
424 3839 574 3899 Iuvenalis
588 3853 616 3901 et
635 3841 733 3900 Persii
746 3841 810 3900 Sat.
827 3861 885 3922 per
898 3840 1064 3901 Antonium
1086 3843 1210 3912 (forsan
1231 3834 1423 3918 Gryphium)

308 3925 452 4012 Lugduni
1236 3930 1304 3994 dvo.
1331 3927 1422 4004 1567.

668 4027 832 4102 (Biblioth.
854 4026 896 4088 du
918 4027 1094 4101 Pantheon.)

347 4119 577 4183 ***1uvenalis
610 4137 637 4184 et
659 4125 756 4183 Persii
786 4122 849 4186 Sat.
879 4139 944 4184 vett.
977 4124 1064 4185 MSS.
1099 4124 1198 4185 denuo
1231 4119 1362 4182 conatae
1390 4131 1421 4180 et

308 4228 456 4278 annotatt.
485 4218 682 4300 locupletatae
709 4221 783 4282 Ant.
816 4219 965 4302 Gryplii,
996 4219 1137 4303 Lugduni
1166 4218 1223 4291 (ln
1243 4215 1318 4278 Bibl.
1342 4213 1420 4292 Reg.

308 4306 385 4370 0011,
395 4316 410 4388 )
1208 4331 1304 4372 samo.
1329 4307 1417 4390 1567.
